2675 4884
557 300 852 372 ΜΕΤΕΔ..

213 481 334 569 Graeci
350 479 487 571 quidem
500 477 563 546 hos
575 480 624 546 ita
639 479 801 570 iungunt,
822 492 863 547 ut
878 480 998 548 ultima
1013 478 1143 571 syllaba
1154 504 1266 550 mem·

212 586 268 655 bri
282 588 422 677 prioris,
444 587 586 677 perinde
602 589 696 676 quasi
710 578 882 676 integrum
897 587 1028 656 claudat
1045 611 1198 673 versum,
1231 602 1266 656 et

193 695 325 763 brevis
354 706 387 761 et
411 695 511 783 longa
540 718 608 762 esse
636 709 670 763 et
689 695 820 791 hictum
843 716 983 786 quoque
1000 695 1131 763 efficere
1150 709 1265 787 quent.

215 802 345 868 Contra
364 802 525 869 Horatius
541 825 601 868 nec
620 802 743 892 pedem
767 804 926 869 creticum
945 836 1006 865 -s-
1027 825 1137 891 neque
1154 788 1267 894 siron-

214 910 317 976 deum
341 911 376 983 in
397 921 517 999 quarto
532 905 608 975 loco
625 910 741 997 posuit
752 932 861 999 neque
875 911 969 996 biatu
985 932 1065 979 usus
1080 921 1145 990 est3
1174 912 1267 978 ideo·

214 1003 281 1106 que
307 1015 550 1097 hoc·mstru1n
571 1014 796 1084 Horatinnnm
820 1043 840 1084 a
860 1013 1077 1106 subsequenti
1100 1038 1265 1085 versuum

215 1147 336 1215 genere
354 1114 644 1213 csynarteterum‚
673 1127 762 1195 inter
779 1148 865 1216 quos
885 1125 1060 1194 numerari
1077 1125 1178 1211 solet,
1202 1145 1267 1193 ex-

214 1232 416 1319 cludendum
432 1231 576 1315 videtur.
663 1300 671 1309 ,

213 1334 281 1409 Est·
287 1340 323 1406 in
335 1351 447 1409 metro
463 1338 540 1409 XII.

445 1496 661 1613 fisenus
683 1532 950 1624 asyncrteti.
976 1512 982 1523 ’

181 1690 187 1701 ·
207 1671 342 1749 ,Versus
359 1671 542 1757 asynarteti
564 1662 850 1755 (ἅσυνάρτητο
861 1670 888 1754 ι)
913 1693 940 1737 s.
956 1666 1135 1734 inconnexi
1149 1666 1268 1733 nomi-

130 1791 260 1847 nantur
278 1779 337 1864 qui
362 1777 497 1844 duobus
524 1790 582 1847 aut
603 1777 761 1866 pluribus
786 1777 948 1851 membris
974 1785 1145 1856 constant,
1180 1795 1269 1863 quae

129 1897 244 1955 tamen
267 1885 355 1953 inter
375 1908 409 1951 se
434 1906 506 1950 non
525 1874 635 1972 magis
655 1895 911 1959 connexe-sunt
931 1905 1035 1970 quam
1058 1905 1173 1950 versus
1186 1905 1266 1967 eum

130 2015 242 2060 versu.
287 1990 461 2078 Cuiusque
480 1992 582 2079 igitur
604 1990 750 2057 membri
765 1988 892 2056 'ultima
904 1989 1033 2078 syllaba
1047 1991 1164 2057 eodem
1181 1993 1268 2071 iure,

129 2123 167 2167 cc
186 2100 212 2164 si
227 2107 308 2164 esset
323 2098 443 2164 ultimn
455 2120 587 2179 versus,
610 2110 642 2164 et
656 2098 758 2185 longa
772 2111 805 2165 et
818 2098 927 2179 brevis
944 2122 1014 2165 esse
1027 2110 1139 2187 potest
1155 2121 1269 2186 neque

129 2207 275 2275 eliditur.
318 2206 392 2272 Hoc
411 2226 569 2272 versuum
590 2229 695 2293 genus
715 2207 875 2273 invenisse
897 2204 1117 2272 Archilochus
1132 2207 1267 2273 dicitur.

130 2321 156 2383 Δ
170 2317 287 2383 multis
304 2315 433 2381 Horatii
449 2310 630 2378 editoribus
640 2312 764 2401 singuli
777 2334 891 2380 versus
902 2308 938 2377 in
956 2311 1053 2378 binos
1071 2314 1269 2382 dividuntur

125 2425 224 2506 illos,
253 2445 297 2490 ex
322 2420 446 2509 quibus
462 2420 743 2509 compositi-sunt
787 2404 942 2500 Eirene,
962 2421 1181 2487 utGesuerus
1200 2419 1268 2484 ob-

128 2544 257 2614 servet,
285 2516 557 2597 conimodissimc
579 2542 663 2618 esset
686 2527 814 2594 divisio.
856 2527 920 2593 Sed
938 2528 1056 2594 acriter
1069 2551 1135 2618 pro
1151 2550 1269 2594 versus

129 2641 458 2727 integritate'pugnat
470 2633 650 2716 Bentleius,
660 2634 914 2725 Hephaestionis
923 2633 1135 2722 aliorumque
1147 2636 1271 2700 Gram-

66 2826 71 2835 „
128 2751 333 2815 maticorum
347 2742 541 2809 auctoritate
555 2739 673 2808 fretus.
703 2738 756 2808 cf.
769 2765 864 2810 num.
888 2741 1094 2809 antecedens.
1129 2741 1184 2808 Ex
1197 2742 1271 2809 Ho·
1298 2826 1302 2837 ι

104 2940 118 2949 ⁰
129 2857 215 2924 ratio
229 2854 296 2933 huc
308 2850 495 2942 pertinent:

129 3031 183 3098 20.
221 3026 347 3090 Versus
369 3018 590 3107 elegiambus,
620 3020 830 3109 compositus
848 2974 974 3110 riempe
986 3040 1030 3085 ex
1043 3017 1173 3106 elegiaci
1186 2988 1270 3101 'uer-

215 3155 271 3199 sus
286 3128 426 3196 dimidio
441 3122 467 3192 ε’.
487 3126 749 3216 penthemimeri
767 3127 928 3217 dactylica
941 3127 1049 3217 (num.
1064 3126 1130 3212 14.)
1145 3137 1178 3193 et
1192 3148 1271 3195 ver·

215 3262 256 3307 su
272 3236 414 3306 iambico
429 3235 573 3302 dimetro
588 3236 765 3305 acatalecto
780 3238 887 3324 (num.
901 3236 957 3322 2).

549 3374 559 3397 e

162 3387 242 3463 :vv
286 3387 367 3459 ¹:⁹⁹
419 3438 444 3453 α·
502 3431 568 3456 ν·
603 3424 655 3456 U·
714 3432 764 3457 ν·
796 3423 847 3455 b-

36 3473 47 3486 0
167 3482 173 3513 '
765 3494 780 3507 l

61 3604 69 3624 l
415 3546 460 3597 Vl
503 3527 572 3599 η’.
713 3584 738 3601 .
765 3526 790 3598 ἑ
959 3540 976 3573 γ,

169 3673 318 3743 Desinet
335 3673 528 3764 imparibus
544 3683 676 3741 certare
692 3673 868 3740 submotus
881 3671 1003 3763 purior.
1028 3672 1093 3763 Ep.
1115 3679 1168 3753 11,
1191 3679 1248 3743 18.

172 3781 304 3849 Libera
319 3780 466 3847 consilia
481 3774 544 3848 bec
559 3782 934 3877 contumeliuegruves.
955 3780 1066 3870 lipod·
1083 3789 1140 3864 11,
1162 3788 1217 3852 26.

50 3932 52 3939 ,
172 3889 320 3959 Inachia
331 3885 452 3977 furere
466 3888 571 3980 sylvis
586 3891 752 3985 honorem
766 3889 905 3956 decutit.
927 3889 1037 3980 Epod.
1053 3898 1113 3971 11,
1134 3897 1166 3958 6.

165 3995 371 4071 Γεννίἅίονε
402 4018 495 4065 mero
528 4021 663 4066 arcanc
690 4007 879 4090 promorat
909 3997 982 4064 loco
1010 3997 1108 4083 (cum
1137 3996 1235 4064 hiatu
1248 4002 1272 4080 ).

858 4185 862 4191 ,
934 4172 936 4176 ,
1001 4106 1112 4197 Epod.
1130 4113 1193 4189 11,
1211 4109 1273 4177 ⁷14.

170 4211 231 4280 Est
248 4214 284 4279 in
299 4221 412 4280 metro
430 4210 502 4280 XI.-

131 4390 184 4457 11.
205 4383 330 4452 Versus
343 4381 544 4475 iambelegus
549 4383 768 4480 praecedenti
786 4383 918 4468 similis,
943 4383 1009 4453 nisi
1026 4382 1119 4474 qnod
1135 4381 1275 4451 inverso
