2675 4884
176 286 178 291 ·
250 324 252 328 ,
310 272 920 372 enauruvuuramumar.
1113 300 1175 370 sn

207 459 348 532 Arbiter
373 446 513 558 pugnae
538 464 690 558 posuisse
714 463 811 537 oudo

550 564 625 637 Sub
651 569 744 661 pede
761 572 927 663 'palmam

205 665 349 756 Fertur,
376 674 410 737 et
435 667 504 741 leui
527 692 685 745 recreare
709 684 812 743 vento

203 769 369 860 Sparsum
397 772 547 845 odoratis
571 771 753 845 humemm
779 776 928 867 capillis:

204 873 327 960 Qualis
349 884 409 949 sut
433 877 553 951 Nireus
578 877 673 968 tuit,
687 883 745 947 sut
769 900 898 969 aquosa
1125 880 1176 954 15

321 972 324 985 ’
543 978 679 1075 Raptus
704 983 749 1054 ab
774 983 849 1056 lde
1175 1017 1179 1024 ¹

408 1184 814 1294 capusum

192 1320 914 1491 ‘'su-'sue‘noasaa

203 1482 256 1594 0
282 1533 360 1595 nate
384 1507 526 1599 mecum
544 1530 685 1601 consule
709 1528 854 1618 Manlio,

202 1627 272 1698 Seu
296 1639 334 1700 tu
359 1633 533 1722 querelas,
558 1634 627 1706 aive
651 1635 743 1729 geris
767 1636 873 1720 iocos,

6 1810 10 1815 '
41 1807 128 1876 ditur,
156 1819 220 1881 poet
242 1815 344 1882 paullo.
370 1842 405 1855 -
422 1816 520 1870 arbiter
536 1834 589 1886 po-
629 1814 664 1872 ad
678 1811 925 1889 earpuaeurandum
937 1812 1109 1887 inservirent3
1126 1835 1173 1875 ex-
1260 1808 1263 1812 ⁸

41 1914 129 1966 gnae,
146 1897 304 1964 Nearchus,
322 1898 495 1972 βραβευτής,
512 1919 589 1956 acu·
629 1902 1171 1974 emptainhonoremvidapudcl.Misseb.

41 1982 83 2036 ius
104 1983 216 2037 arbitrio
236 1985 311 2039 stetit
333 1986 451 2040 victorie.
476 2015 513 2027 -
525 1989 588 2057 pul·
629 1990 684 2044 lam
706 2007 771 2045 vero
789 1990 859 2061 quod
878 1989 1015 2043 Nearchus
1028 1994 1170 2059 certamini,

41 2074 115 2121 muns
127 2070 174 2121 sub
185 2072 254 2138 pede
265 2073 391 2140 prmissa,
398 2071 461 2125 nihil
474 2052 587 2140 enimse,
628 2076 714 2146 ipsius
726 2093 806 2128 causa
817 2076 887 2129 inter
905 2074 1034 2143 Pyrrhum
1051 2083 1080 2129 et
1097 2077 1173 2155 puel·

40 2156 95 2207 utri
108 2155 220 2226 palmam
233 2156 317 2221 daret,
334 2160 361 2211 lr.
376 2177 400 2214 e.
413 2163 499 2210 utrum
514 2158 588 2227 puel·
628 2161 679 2216 lam
701 2166 807 2226 exorto,
831 2161 870 2215 ita
891 2160 984 2214 adesse
1003 2159 1116 2228 dicitur,
1139 2169 1171 2218 ut
1227 2168 1230 2173 ’

40 2242 91 2294 lam
120 2241 240 2310 Pyrrho,
269 2259 302 2295 au
329 2244 460 2314 Pyrrhum
486 2243 588 2314 puellas
630 2265 726 2319 corpus
745 2265 817 2301 suum
834 2245 935 2299 interea
951 2253 1031 2300 vento
1053 2264 1103 2316 per
1120 2248 1171 2302 tla-

41 2328 207 2399 praeterret,
238 2327 314 2397 plane
331 2336 361 2382 ut
380 2329 426 2384 illa
447 2330 541 2384 mulier
559 2329 587 2384 in
629 2335 722 2389 bellum
741 2334 811 2386 lacto
831 2332 986 2401 refrigeret,
1008 2331 1035 2384 id
1055 2333 1170 2387 incurio-

41 2416 139 2485 cyatho
154 2414 266 2484 caprarii
279 2414 349 2484 apud
364 2416 586 2474 Theocritum.
628 2437 685 2474 sum
694 2419 751 2473 eius
765 2419 799 2471 de
816 2420 952 2490 utriusque
965 2435 1051 2473 amore
1059 2410 1170 2475 animum

41 2518 118 2572 seqq.
138 2527 174 2541 -
192 2498 252 2571 scrip
271 2500 303 2556 δέ
323 2501 352 2555 οὶ
371 2499 470 2572 ἄνδρες
490 2501 587 2558 Kottis
628 2488 736 2575 egregie
757 2503 881 2557 declarat.
906 2532 940 2544 -
966 2507 1077 2570 Nireus,
1092 2506 1168 2562 Hom.
1201 2508 1209 2525 ⁸

41 2584 238 2658 ἐθειρᾶζοντες
280 2583 430 2659 ἀμοιβαδὶς
464 2584 586 2644 ἄλλοθεν
626 2590 747 2646 Iliadll.
764 2591 825 2646 678·
841 2587 963 2656 Niptris,
979 2584 1011 2654 ὃς
1026 2590 1186 2658 κάλλιστος-

41 2673 126 2740 satos
154 2671 319 2730 Netuelovu'
345 2673 464 2733 ἐπέεσσι·
489 2670 586 2732 τά,δ’
627 2675 699 2749 ἀνὴρ
712 2671 860 2741 tatiane
874 2671 954 2747 ἦλθε.
971 2706 1004 2716 -
1022 2679 1168 2747 Raptusot
1226 2748 1231 2755 ³

40 2759 86 2818 ον’
111 2754 254 2832 applosis
284 2755 438 2818 ἅπτεται
462 2759 584 2825 αὐτοῖς.
626 2768 687 2832 Ιάα,
705 2762 885 2833 Ganymedes;
904 2764 1086 2835 upuosmquod
1102 2767 1168 2819 mul-

40 2882 75 2892 -
95 2853 142 2905 aab
163 2849 232 2920 pede
245 2851 312 2919 posti
322 2849 364 2902 vel
373 2851 483 2918 peditus
493 2845 586 2902 'mutiet
626 2852 648 2919 ti
659 2853 745 2904 fontes
759 2849 1166 2907 inmonteldaseatebantOrid.

40 2937 132 3008 (Virg.
147 2937 247 3005 Georg.
262 2936 297 2990 ll.
313 2934 603 3006 492·)‚dieitur,quod·
625 2934 692 2992 Mat.
714 2935 750 2988 ll.
768 2936 830 2990 218.
862 2935 1026 2986 celeberrima
1045 2936 1169 3000 sontibus
1215 3006 1224 3017 ι

40 3021 242 3087 contemnimus,
259 3021 324 3075 nihil
338 3038 471 3090 curamus,
488 3039 585 3092 susque
626 3024 686 3078 ldu.
696 3018 757 3093 Ἴδῃ
768 3019 942 3134 saptentiae,
959 3015 1104 3089 πιδὴεσσα.

38 3109 128 3178 deque
154 3109 293 3173 babemus3
317 3110 404 3174 audo,
427 3111 462 3164 ad
481 3126 585 3172 morem,

39 3212 93 3265 quo
112 3195 190 3265 pueri
215 3194 380 3248 delicatiores
398 3212 450 3248 non
466 3186 587 3264 calceati,
751 3171 939 3228 CARMEN
968 3168 1043 3228 ΧΠ
1110 3187 1113 3191 .

40 3280 194 3335 sedsoleeti
207 3280 372 3345 incedebant,
389 3283 521 3348 reserunt3
537 3284 586 3337 mi·
662 3279 700 3334 M.
711 3278 817 3333 Valerio
833 3272 1101 3340 Messalaecorriuo,
1118 3276 1164 3347 qui

39 3369 68 3421 tri
81 3359 225 3437 quidem'in
237 3367 353 3437 epitheto
366 3371 452 3435 oudo,
469 3371 537 3440 quod
551 3370 585 3425 ad
625 3367 738 3423 Horatio
751 3360 1165 3435 sedisquodomapndeumcoe-
1191 3377 1196 3401 ¹

39 3460 160 3508 ornatam
173 3453 305 3523 pertinet,
323 3455 392 3508 haud
414 3457 530 3524 urgenda
543 3457 585 3511 vi·
626 3461 746 3509 naturum
778 3469 837 3504 esse
873 3448 1022 3520 promisisse
1050 3448 1164 3516 videtur,

40 3543 119 3595 detur
148 3540 345 3608 significationis
372 3543 528 3612 proprietas.
548 3526 586 3586 -ζ
625 3539 702 3612 quale
713 3537 799 3590 riuum
810 3536 839 3591 iu
851 3536 909 3592 eius
922 3536 1044 3589 honorem
1059 3535 1109 3588 hoo
1122 3537 1166 3591 die

40 3645 160 3697 sparsum
180 3628 300 3680 odoratis
320 3628 455 3682 humerum
472 3634 583 3700 capillis,
626 3616 677 3680 sibi
695 3624 843 3697 2laetissimo
875 3621 1091 3693 suppeditaturus
1118 3623 1163 3688 sit,

39 3711 284 3776 mahumetum,
317 3731 397 3783 snper
418 3733 469 3786 quo
496 3718 585 3788 capilli
625 3711 676 3765 hoe
698 3709 810 3763 carmine
827 3709 934 3765 indicat
950 3702 952 3719 '
969 3710 1078 3761 Testem
1091 3724 1164 3760 nem-

37 3798 180 3866 unguenti·
203 3797 312 3851 delibuti
332 3799 493 3857 defluebant.
526 3805 584 3858 Ho·
625 3814 674 3869 pe,
692 3801 763 3867 quae
777 3796 865 3851 vinum
877 3795 1015 3852 Massicum
1033 3809 1083 3845 uno
1097 3810 1163 3846 anno

36 3885 136 3937 ratium
149 3882 264 3937 imitatus
278 3890 319 3938 est
332 3886 444 3941 Ovidius
456 3890 528 3944 Fast.
546 3891 583 3945 11.
624 3901 710 3940 seeum
731 3888 821 3937 natum
846 3888 952 3947 servet,
974 3881 1163 3949 deprometur,

36 3972 99 4026 609.
126 3972 187 4024 Ibat
206 3970 324 4025 odoratis
342 3973 462 4027 humeros
471 3978 582 4044 perfusa
624 3971 718 4034 etsie,
737 3970 827 4040 quenti
835 3971 974 4023 Messalam
985 3981 1057 4021 suum
1071 3964 1161 4029 faeiat,

37 4059 142 4125 eapillis
155 4057 582 4123 Mueoutass-lentreereureoop-
623 4058 781 4128 probaturus
804 4062 853 4109 est.
897 4056 957 4117 Quo
980 4051 1084 4122 quidem
1099 4050 1191 4102 vinos
1242 4063 1247 4068 “

36 4150 79 4208 to,
95 4143 203 4197 flabello
218 4144 261 4197 rel
275 4145 511 4212 tebellaadhibita3
523 4152 582 4216 fla·
622 4144 690 4198 satis
709 4141 882 4196 commendato
899 4139 927 4192 iu
945 4137 1091 4190 universam
1106 4134 1161 4188 vini

36 4230 131 4283 aeuum
139 4229 207 4283 enim
221 4231 579 4298 veleaoeua(vid.N.110rm.
621 4230 724 4284 laudem
742 4229 792 4297 (ef.
812 4243 883 4295 supr.
898 4225 919 4277 Ι.
934 4224 989 4292 18.)
1004 4221 1161 4297 digreditur,
1185 4285 1189 4291 ,

36 4316 68 4368 ad
83 4316 168 4371 ovid.
190 4319 250 4372 Art.
269 4317 581 4388 a.1.161.)adinstru-
622 4321 650 4370 et
667 4317 752 4387 ipsius
769 4311 899 4368 Messalae
918 4308 1007 4363 laudes
1024 4307 1162 4363 scitissime

36 4411 123 4456 menta
144 4403 311 4473 pertinebat,
334 4416 402 4472 quae
423 4406 582 4462 mollioribus
621 4419 680 4458 oum
699 4401 745 4458 illa
766 4397 907 4469 soniungit.
925 4424 961 4435 —-
977 4395 1018 4448 De
1038 4393 1161 4460 Messala,
1183 4394 1185 4397 ’
1248 4461 1272 4491 Ἰ
1312 4394 1317 4407 ‘

73 4480 197 4555 Horat.
219 4490 317 4569 Deer-
342 4482 376 4558 'll
397 4491 425 4556 Ι.
703 4590 705 4597 γ
928 4485 958 4564 Q
