2675 4884
350 1406 848 1609 ruerrar1o

271 1702 600 1809 uttrmuts
647 1705 932 1777 wulrtan

12 2008 14 2093 μ
59 2087 153 2198 Cum
166 2139 253 2193 non
270 2113 405 2192 solum
427 2112 470 2190 in
492 2110 744 2193 Praefatione
765 2113 815 2195 ad
829 2114 1061 2217 Editiouem
1081 2118 1168 2195 Ho-

12 2376 14 2411 ς
59 2291 123 2369 ratii
143 2260 368 2370 earmiuum
394 2256 628 2387 Lyricorum
645 2285 841 2396 primam,
874 2238 1089 2368 sedetiam
1110 2247 1170 2390 iis,

11 2428 15 2515 Ῑ
59 2488 140 2568 quae
153 2486 289 2567 nuper
307 2458 360 2539 ad
374 2458 498 2539 editas
514 2483 535 2535 a
549 2483 618 2535 me
632 2458 785 2536 Horatii
798 2458 941 2538 Satiras
954 2472 995 2540 et
1009 2461 1170 2564 Episto-

57 2632 99 2713 las
119 2633 317 2740 praefatus
342 2596 453 2731 sum,
477 2631 697 2731 rationem,
722 2656 844 2734 quam
869 2631 912 2709 iu
932 2633 1083 2723 Horatii
1106 2633 1169 2712 in·

57 2808 322 2912 tupretatione
336 2774 495 2886 seedtus
517 2828 631 2905 sum,
656 2803 736 2893 iam
761 2803 1031 2917 exposuerim,
1056 2802 1169 2907 nihil,

14 2944 16 3089 Ι
57 2978 148 3081 quad
165 2977 384 3080 adderem,
409 2977 552 3080 hahui,
576 2977 653 3057 nisi
672 2975 773 3056 haec
792 3000 917 3079 pauca
934 2974 1076 3059 verhaa

134 3150 308 3252 „Adieci
333 3152 377 3229 in
396 3148 473 3228 hac
494 3148 610 3228 tertia
632 3146 816 3228 Odarum
835 3140 988 3228 Horatii
1007 3148 1163 3229 Editio-

136 3347 207 3424 ne,
234 3344 343 3428 quae
357 3319 578 3401 adiicienda
590 3317 851 3436 videbantur3⁴
870 3321 1037 3423 resecui,
1062 3267 1168 3426 uuae
1218 3394 1224 3427 ‚

136 3516 245 3577 nunc
260 3454 557 3599 'displicebam
593 3490 760 3575 defendi
789 3492 966 3601 denique
988 3506 1169 3599 receptas
1310 3586 1312 3597 ἱ

135 3666 331 3748 lectiones
351 3664 590 3768 rationibus,
616 3667 667 3746 ab
689 3692 830 3750 earum
849 3666 914 3751 vel
935 3666 1168 3772 antiquitate
1192 3644 1205 3655 ’

138 3841 199 3920 vel
216 3841 454 3921 necessitate
470 3841 692 3946 repetitis.“

56 4008 393 4104 Quemadmodum
436 4015 572 4092 autem
611 4037 787 4116 operae,
840 4036 963 4118 quam
999 4010 1166 4091 Horatio

56 4186 193 4292 navavi,
234 4184 433 4265 iudicibus
469 4184 606 4290 aequis
637 4198 680 4264 et
709 4184 940 4264 humaniter
969 4183 1023 4263 de
1053 4183 1167 4284 vitiis,

56 4374 139 4454 quae
158 4357 369 4460 commisi,
406 4382 483 4440 me
496 4358 759 4441 monentibus
786 4382 901 4439 aures
927 4354 1079 4456 faciles,
1113 4357 1165 4435 ita
