2675 4884
277 250 874 383 j'caanruvnmunaa
959 286 1019 334 ·¹
1107 288 1179 355 aa
1220 312 1224 369 ς

260 463 331 535 Seu
355 461 448 534 naris
472 460 646 554 Hispanae
669 459 843 559 magister,

185 586 190 591 “
240 584 246 593 ’
313 566 534 638 Dedecorum
557 565 726 657 pretiosus
749 574 868 633 emtor.

150 756 155 765 Ι
206 669 287 740 Non
301 669 364 739 nis
387 671 539 739 iuventus
563 677 639 737 orta
661 668 857 759 parentibus

217 773 352 844 infecit:
367 773 683 871 aequor‘sanguine
708 771 850 859 Punico,
973 806 974 809 ¹
1054 794 1059 811 ·
1123 850 1127 858 f

262 876 500 969 Pyrrhumque
525 876 756 966 atingautem
782 871 906 944 cecidit
1023 876 1051 882 ”
1079 885 1082 889 ’
1112 868 1216 942 ·35”

314 976 541 1071 Antiochum,
566 978 862 1066 Hannibalemque
889 970 1018 1046 diram:

152 1122 156 1127 -
208 1082 281 1152 Sed
306 1086 509 1154 rusticorum
536 1081 687 1165 mascula
710 1082 856 1151 militum

208 1186 350 1274 Proles,
375 1187 521 1261 Sabellis
547 1185 650 1258 docta
674 1185 846 1277 ligonibus

267 1290 412 1361 Versare
437 1291 575 1384 glebas,
602 1300 636 1358 et
660 1311 798 1359 severae

317 1393 440 1464 Matris
464 1394 510 1464 ad
535 1386 709 1467 arbitrium
734 1392 858 1464 recisos
1133 1385 1186 1457 4⁰

31 1552 95 1608 'les
113 1542 474 1626 circumieratsmercatoris
494 1558 603 1628 admini-
643 1559 776 1618 masilias
803 1573 906 1630 pugnas
917 1552 1040 1610 navales
1065 1552 1193 1627 respicit„

55 1646 126 1706 ’2013
148 1644 202 1701 ian
219 1661 283 1703 vem
294 1665 353 1702 cum
367 1646 526 1717 temporibus
537 1646 603 1701 libe-
644 1648 738 1718 quibus
752 1643 983 1714 Carthaginienses
995 1644 1022 1699 iu
1042 1644 1111 1697 bello
1131 1645 1188 1697 Pu-

52 1740 105 1781 -rae
122 1728 286 1799 reipublicae
306 1734 364 1805 ipsa
387 1739 532 1788 mercatura
555 1735 603 1795 ho-
644 1734 705 1787 nico
727 1733 809 1802 primo
835 1749 853 1783 a
872 1731 996 1783 Romame
1013 1730 1046 1782 ad
1071 1715 1187 1800 hegates

56 1821 134 1868 nesto
155 1817 215 1887 cipe
234 1817 352 1874 Romano
372 1819 604 1890 indignahabere-
645 1819 755 1873 ducibus
784 1818 871 1871 Duilio
899 1826 927 1871 et
958 1817 1065 1870 Lutatio
1091 1816 1187 1870 Catulo
1215 1834 1219 1847 ·
1256 1856 1260 1859 .

9 1942 10 1955 r
55 1907 120 1966 tur,
144 1920 195 1956 neo
217 1903 268 1958 nisi
282 1922 299 1957 a
310 1907 384 1960 faece
402 1905 486 1976 plebis
497 1905 600 1961 liberti·
643 1904 779 1975 splendide
794 1904 859 1958 victi
872 1913 945 1969 sunt3
962 1906 995 1958 oi.
1014 1920 1086 1973 supr.
1099 1903 1134 1966 11,
1144 1905 1186 1958 12.

56 1986 152 2059 niaque
168 1998 348 2058 emaceretun
365 1994 541 2056 muliensene,
559 1991 602 2044 in·
643 1995 669 2050 3.
688 1993 831 2061 Pyrrham,
865 1991 1032 2060 Epirotarum
1052 2005 1140 2058 regem
1158 1996 1187 2043 et

58 2075 165 2128 olitoris
183 2076 249 2131 adeo
267 2078 369 2132 libidini
390 2095 484 2133 morem
498 2094 602 2146 gerens,
644 2078 847 2132 Tarentinorum
871 2076 985 2138 sociam,
1018 2093 1035 2128 a
1059 2072 1140 2128 Curio
1160 2082 1189 2128 et

57 2163 203 2234 turpissimi
215 2162 312 2231 flagitii
327 2165 429 2234 eulpam
449 2165 604 2219 contrahere
643 2163 767 2219 Fabricio
773 2162 951 2233 perdomitum.
968 2162 1040 2214 Flar.
1046 2163 1069 2214 Ι.
1075 2150 1118 2219 18.
1134 2165 1192 2215 Aa·

9 2308 11 2311 ¹
57 2250 190 2315 debebat3
214 2250 274 2303 hine
296 2248 421 2304 Horatius
441 2251 501 2304 infr.
518 2250 603 2321 Epod.
643 2253 774 2315 tiochum,
790 2266 878 2318 regern
891 2247 1001 2316 Syriae,
1026 2231 1189 2317 allemanis,

58 2336 147 2390 XVII.
163 2340 208 2392 20·
233 2338 416 2399 contumeliose
430 2339 464 2391 de
477 2337 603 2391 Canidia:
647 2357 713 2410 quos
731 2340 764 2392 ab
783 2337 930 2390 Hannibale
947 2336 1101 2389 sollicitatus
1121 2336 1189 2409 bello
1210 2338 1213 2345 '

59 2427 162 2492 Amata
173 2425 284 2477 maltam
295 2426 384 2476 narnis
397 2433 423 2477 at
436 2426 605 2479 institoribus.
647 2426 774 2497 petierat,
792 2425 902 2496 primum
914 2423 978 2475 ma‘ri
995 2423 1062 2476 duee
1079 2423 1188 2477 Aemilio

59 2538 97 2550 -
110 2513 164 2564 Sea
174 2526 236 2563 naor
252 2511 328 2578 Hirp.
340 2512 477 2580 magister,
495 2510 607 2578 seuipse
646 2512 766 2582 Regillo,
782 2512 879 2565 deinde
892 2512 964 2564 terra
981 2513 1015 2564 ab
1026 2511 1109 2564 Acilio
1122 2510 1192 2565 Gla-

59 2607 210 2660 ueroeam
232 2572 423 2665 ideoque²sin0
433 2596 503 2650 omni
514 2595 608 2649 discri-
646 2600 739 2653 briaae
749 2607 777 2652 et
789 2599 868 2654 Com.
885 2596 1008 2667 Scipione
1020 2597 1191 2663 debellatum

60 2686 150 2750 mine,
174 2683 233 2737 sive
252 2680 363 2739 famulus
380 2683 436 2737 sire
450 2685 608 2765 dominusne
626 2694 631 2704 ·
646 2689 796 2759 ingeniare,
815 2685 917 2738 adeius
936 2683 1043 2742 nominis
1057 2691 1085 2737 et
1097 2672 1202 2757 poten?

61 2773 88 2825 ei
99 2771 200 2823 offerat
213 2768 373 2833 adulterium
390 2771 518 2840 magister
531 2769 608 2822 anais
648 2774 704 2826 tiae
722 2771 924 2840 magnitudinem
944 2771 1136 2839 designandam
1154 2790 1192 2815 -ό
1251 2835 1254 2838 ‚

61 2858 127 2913 aliea
156 2867 200 2910 est
221 2857 387 2921 navarchus,
411 2856 459 2909 sed
476 2853 606 2909 cumnl.
648 2859 825 2911 Hannibalem
852 2859 953 2923 airam,
984 2859 1103 2913 similiter
1124 2856 1190 2914 iah.

61 2945 184 2999 iastitcrs‘
213 2950 376 3019 opponatur,
405 2944 464 3014 ipse
491 2941 607 2997 dominus
649 2946 703 3012 lv,
725 2942 752 2996 4.
770 2936 819 2997 42ss
839 2943 967 2996 Hannibal
984 2945 1019 2996 ob
1040 2945 1111 2998 diras
1126 2938 1191 3011 iras‚‘

62 3031 153 3096 navis,
177 3028 342 3085 naviculator
364 3031 407 3083 vel
425 3034 553 3082 mercator
565 3028 608 3079 in-
649 3049 716 3102 quas
730 3038 820 3083 centra
835 3030 964 3083 Romanos
978 3034 1141 3100 conceperat,
1149 3034 1193 3085 di-

62 3117 224 3189 telligendus
254 3123 303 3168 est.
324 3145 361 3165 ε-
382 3109 536 3186 Hispanae,
560 3129 608 3184 pro
649 3120 772 3182 ruaAfer
789 3120 905 3168 vocatur.
922 3144 955 3155 —
974 3119 1098 3181 armana,
1113 3119 1193 3171 robu-

63 3205 160 3278 quavis
176 3202 238 3256 navi
256 3202 427 3265 mercatoria;
452 3207 608 3255 mercatores
651 3213 707 3270 sta,
734 3203 828 3256 aalide.
849 3220 953 3255 cerame
977 3205 1070 3274 glebas
1088 3206 1194 3276 ligoni-
1225 3215 1228 3219 ⁴

63 3293 131 3349 enim
158 3288 322 3346 Romaniin
344 3286 474 3358 Hispania
493 3284 609 3357 inprimis
652 3295 804 3356 boamunte
816 3306 864 3360 pro
874 3276 990 3357 vulgaris
1007 3289 1108 3355 fodere,
1122 3290 1193 3360 qnod

64 3383 204 3450 quaestum
224 3369 312 3429 fecere
332 3366 460 3429 solebant.
477 3402 508 3413 -
522 3374 611 3435 dedeo.
639 3372 779 3446 'virgilius
790 3377 818 3429 in
828 3377 886 3430 loco
905 3376 950 3428 illo
971 3376 1003 3429 de
1019 3377 1103 3430 adteri
1120 3379 1195 3432 lasti-
1294 3438 1296 3447 τ

60 3476 135 3536 pret.
151 3473 253 3531 emtor,
276 3460 388 3531 pretium
401 3478 448 3531 pro
463 3458 536 3530 turpi
549 3457 615 3511 libi*
652 3482 685 3520 aa
699 3462 836 3533 disciplina
850 3462 1001 3516 suavissimo
1008 3466 1070 3516 Aen.
1080 3464 1127 3520 IX.
1133 3464 1195 3519 608.

64 3549 367 3607 dinisfructosoivtnt·
468 3594 471 3601 .
595 3556 604 3600 f
653 3551 730 3607 simili
744 3557 836 3607 ornatu
850 3547 917 3601 dixit
928 3557 1027 3604 terram
1040 3554 1135 3606 miris
1146 3536 1195 3607 do·

98 3659 126 3694 v.
145 3642 184 3697 33
200 3666 236 3677 -
259 3635 304 3691 44.
326 3633 462 3688 Eiusmodi
473 3630 612 3702 flagitiosis
653 3655 736 3694 mare.
754 3635 957 3708 OpportuneOl.
972 3638 1079 3690 Milesia.
1092 3636 1196 3691 inhna'-
1228 3696 1231 3702 Α

66 3726 225 3800 puertibns
237 3723 307 3779 haud
319 3721 491 3778 ortaestolim
503 3721 553 3787 illa¹
563 3736 613 3790 pu·
651 3726 716 3785 ieet,
730 3725 764 3777 ad
775 3724 866 3777 Horat
880 3740 907 3793 p.
920 3726 980 3780 705.
1004 3742 1061 3777 cum
1084 3720 1197 3777 Horatio

66 3815 124 3879 bes,
142 3830 212 3882 quae
225 3810 336 3864 inbelle
352 3809 451 3863 Punico
466 3809 547 3878 primo
559 3825 615 3861 ma·
657 3817 790 3882 comparat
814 3810 948 3867 Columeli.
966 3812 1000 3865 de
1013 3811 1063 3863 Re.
1077 3810 1110 3862 li.
1124 3811 1158 3863 L.
1173 3809 1196 3862 I.

65 3914 97 3954 re
111 3898 231 3952 Siculum
243 3895 496 3967 Carthaginiensium
509 3893 628 3963 sangui.
655 3899 745 3954 Praei.
762 3903 788 3966 §.
804 3897 846 3953 17.
863 3927 898 3941 ·-
915 3899 1045 3961 Sabellis,
1067 3896 1093 3949 b.
1110 3913 1134 3947 e.
1145 3895 1196 3948 Sa-

66 4002 102 4039 ne
115 3985 226 4049 iniecit,
243 3991 271 4038 et
291 3982 437 4052 Pyrrhum,
454 3980 616 4045 Antiochum,
656 3985 742 4050 binis3
758 3978 829 4055 apud
841 3986 953 4039 Sabinos
968 3982 1035 4036 euim
1048 3979 1199 4034 severailla

66 4068 297 4140 Hannibalemque
319 4069 402 4136 vicit,
425 4068 472 4123 sed
485 4072 615 4138 prognata
657 4071 813 4142 discipiiua,
843 4072 877 4125 de
902 4089 954 4142 qua
972 4087 1056 4123 sermo
1076 4074 1131 4132 est,
1154 4067 1198 4120 vel

68 4162 114 4212 ert
135 4156 193 4210 ruri
214 4157 363 4213 ambustis
381 4154 548 4228 parentibus,
563 4153 617 4224 »qui
658 4158 769 4211 maxime
791 4156 894 4225 viguit}
917 4158 953 4209 of.
979 4153 1072 4223 Vargil
1096 4153 1198 4222 Goorg.

68 4260 129 4299 eam
149 4247 251 4297 mature
269 4243 352 4297 duros
371 4244 399 4299 in
419 4244 491 4314 agris
513 4242 628 4302 labores,
658 4242 1198 4313 11.167.seqq.-fisstes,armenta.scosr.

68 4331 203 4385 sustinere
226 4328 373 4384 docuerunt
396 4337 459 4384 cett.
481 4357 516 4369 ·-
539 4330 618 4396 irisan.
659 4330 959 4385 rossemannas
975 4327 1108 4397 egregium
1124 4343 1200 4381 aare

70 4432 148 4487 naqa·
163 4434 264 4489 auriga
282 4412 396 4483 Pontes,
419 4422 475 4472 tros
489 4414 620 4471 nobilissi'·
662 4432 710 4471 rae
735 4414 889 4488 diadpliuae
914 4410 1073 4487 exemptum,
1104 4413 1148 4467 ubi
1167 4412 1201 4469 sd
