2675 4884
340 294 614 371 crementi
634 297 727 375 tut
749 297 806 378 ΠΙ,
825 302 861 377 6.,
877 303 909 367 d.

267 445 422 545 Dimovll
445 472 643 543 obstantes
638 473 863 566 propinquos,
953 538 955 541 ,

317 570 366 649 Ει
390 577 561 670 populum
585 574 714 647 reditus
738 584 938 664 merentem,

213 668 380 808 Quam
354 703 383 750 ιι
407 681 565 752 clientum
591 680 698 774 longa
722 678 872 776 negotia
947 696 997 767 χ
1070 682 1072 691 “

194 764 407 857 ,Diiudicate
432 785 492 853 lite
516 782 731 875 relinqueret,

265 886 427 974 Tendens
452 887 700 958 Venafranos
689 911 724 959 re
750 906 866 980 agros,
1162 962 1164 965 ,

153 1047 158 1057 .
272 992 286 1027 '⁵
319 992 389 1063 dut
413 990 727 1065 Lacedaemonium
752 979 950 1062 Tarentum.
1035 984 1038 987 ’
1068 1018 1072 1023 ·
1170 970 1177 987 ’

436 1261 719 1337 CARMEN
753 1262 841 1335 vt

347 1464 430 1520 AD
489 1463 896 1522 ΙΙΙιῡΜιΑΝΟΒ.

96 1704 100 1708 Α
211 1565 368 1699 Delicta
391 1605 558 1677 meierum
582 1607 753 1680 inmeritus
778 1608 862 1693 lues,

211 1710 387 1800 Romane,
413 1711 526 1783 donec
551 1714 681 1806 templa
706 1712 878 1797 refeceris,
927 1696 930 1703 ’

56 1910 185 1978 supplicio
200 1913 341 1980 propitiati.
366 1913 486 1984 tropicis
501 1912 603 1968 ecilieet
783 1906 970 1966 CARME'N
995 1900 1042 1956 VI

57 1996 181 2049 Horatius
201 1998 381 2053 erudelissima
403 1999 450 2055 ille
470 1998 603 2071 supplicis
679 2000 720 2054 Ad
734 1997 898 2059 licentiores,
915 1993 1075 2064 quibustuae
1088 1990 1189 2057 tempo·

55 2088 84 2137 at
101 2091 246 2160 tormenta,
268 2084 366 2156 quibus
384 2086 517 2155 Regulus,
542 2102 603 2140 cum
643 2085 682 2142 ria
698 2081 899 2157 praecipiteris
918 2072 1188 2151 perniciemagipue-

56 2169 240 2240 certbagiuem
253 2178 473 2236 reremaneret,
490 2172 602 2227 effectur
642 2180 746 2273 perant
758 2167 884 2241 Romeni,
917 2170 1016 2227 mores,
1039 2158 1189 2230 pertinebat

55 2265 82 2312 ot
94 2264 277 2315 necatureeee
291 2259 419 2323 traditum
435 2258 602 2327 quommde·
642 2256 761 2329 inprimis
775 2255 881 2310 deorum
891 2256 1035 2307 contentus
1047 2243 1187 2301 etvitali-

55 2331 223 2415 scriptionem
244 2346 303 2413 lege
321 2343 407 2413 opud
413 2342 462 2396 Sil.
480 2344 540 2396 ital
553 2344 600 2401 VI
642 2341 794 2398 bidiuosior.
828 2328 939 2395 Abilae
959 2336 1040 2407 igitur
1058 2329 1187 2403 pernicio·
1264 2361 1267 2365 ’

55 2433 114 2503 669
139 2449 273 2502 eeqq-
238 2428 418 2483 -Extitere
437 2434 521 2483 eutem
540 2434 601 2500 post
641 2427 745 2491 oissboa
765 2443 863 2481 morum
880 2414 1032 2495 corruptele
1059 2420 1119 2473 dum
1139 2432 1188 2486 po-

56 2518 242 2575 Polmers'um
233 2536 262 2573 ur
284 2518 400 2571 meet
418 2517 536 2586 odApp.
549 2516 627 2584 (ci.
643 2516 750 2591 puleres
770 2531 832 2567 suos
851 2528 964 2566 avocere
981 2505 1098 2561 studet
1089 2521 1117 2558 ιιι
1137 2504 1187 2558 hoe

56 2606 119 2661 edit.
148 2605 298 2706 Scbmeigb
323 2602 384 2658 Vol.
406 2599 455 2657 ΠΙ.
476 2619 506 2671 p
522 2601 600 2670 392)
642 2601 757 2657 cmmiue
776 2605 870 2670 poeta,
892 2597 1000 2670 primum
1019 2594 1097 2657 deos,
1120 2608 1187 2662 quo-

55 2692 155 2764 plures,
171 2691 218 2762 qui
233 2676 365 2761 vulgarem
378 2688 413 2741 de
426 2685 522 2757 Reguli
538 2703 601 2756 sup-
643 2706 700 2743 rum
720 2687 816 2740 cultum
836 2684 921 2738 adbuc
939 2679 1118 2779 neglexerint,
1135 2692 1188 2728 nou

56 2778 140 2849 plieiie
164 2779 340 2832 narrationem
366 2774 395 2828 iu
415 2773 601 2829 dubitationem
643 2775 726 2829 eelum
742 2761 889 2835 variatim,
912 2785 978 2838 quas
1004 2764 1055 2819 iam
1083 2761 1187 2831 experti
1272 2768 1275 2773 ⁴

55 2869 196 2929 rorarent,
213 2870 334 2919 ettotam
348 2861 456 2923 remed
477 2860 602 2915 iuvidiam
644 2861 712 2923 olet,
746 2855 920 2910 calamitatum
946 2848 1191 2912 auctoretatebus,

55 2957 146 3006 oontm
189 2948 420 3017 Certltaginiepsea
459 2946 604 3015 augendem
644 2944 691 3000 sed
704 2943 807 2996 enodem
818 2941 896 2995 multo
910 2953 1034 3008 graviore
1046 2935 1127 3005 mela
1146 2932 1187 2986 ui·
1255 2988 1263 3003 ἱ

55 3038 258 3092 confictamesse
268 3033 471 3096 contenderent
487 3030 569 3084 vide
561 3049 602 3084 ιιι
644 3031 669 3086 si
687 3027 794 3083 refectis
813 3043 902 3079 eorum
920 3022 1023 3093 templis
1042 3019 1076 3072 ad
1096 3016 1188 3089 prisci-
1289 3036 1290 3039 ¹

9 3112 10 3117 Ἰ
54 3125 158 3195 primis,
176 3141 244 3194 queo
257 3118 406 3191 nuperrime
426 3096 502 3171 docte
517 3123 602 3170 etco-
644 3118 704 3171 num
730 3112 839 3185 pietatis
864 3107 1017 3164 exercitium
1048 3103 1187 3181 redierint,

55 3212 127 3281 piose
152 3211 187 3263 de
205 3211 255 3263 bac
268 3224 299 3261 re
320 3202 466 3274 disputavit
482 3202 523 3257 Cl
543 3204 601 3256 no·
641 3202 676 3261 iis
691 3200 916 3256 immissures'esee
935 3191 1066 3256 ostendit3
1084 3181 1187 3255 deinde,

52 3301 124 3368 perti
141 3297 176 3350 ed
200 3295 249 3348 Sil
268 3291 327 3345 Ital.
348 3289 367 3343 l.
380 3290 398 3343 l.
411 3306 438 3359 p.
451 3288 512 3344 395
517 3305 602 3369 seqq
643 3296 674 3345 ut
694 3287 870 3356 ιὶιςίιὶοιιιιι,
900 3268 995 3352 quibua
1014 3279 1097 3332 libere
1119 3293 1187 3333 nunc

54 3415 86 3428 -
102 3387 192 3452 ριιιπι
207 3401 230 3437 ιι
225 3382 331 3434 client.
345 3382 408 3431 cett.
422 3392 499 3446 quem
518 3375 559 3439 si,
573 3379 604 3427 ut
641 3375 807 3450 polluantur,
843 3364 1071 3438 turpitudinem
1062 3364 1097 3416 ris
1126 3367 1188 3417 anto

55 3484 191 3526 musarum
226 3466 321 3538 aliquis
352 3470 492 3535 petronus,
524 3476 604 3516 cauea
644 3463 735 3518 oeulos
753 3462 850 3531 ponet,
872 3452 928 3507 tam
944 3452 1110 3517 inhonestus,
1121 3448 1188 3523 qui-

54 3558 175 3622 medem,
198 3571 276 3625 quern
296 3569 348 3605 non
368 3551 425 3604 sine
439 3566 532 3618 magea
549 3564 605 3609 mo·
645 3552 694 3604 bus
716 3547 820 3619 puellae
838 3561 855 3597 a
872 3537 1039 3596 tenereiude
1052 3535 1188 3614 oetateed

54 3643 130 3698 testie
153 3658 204 3712 pro
224 3637 363 3692 clientibus
383 3636 439 3693 auis
461 3633 604 3687 defenden-
642 3624 806 3691 libidinem·
797 3645 908 3685 mvenes
927 3625 1052 3697 pellicere
1076 3607 1187 3689 soleeut,

53 3731 111 3787 mm
131 3730 305 3798 susceperat,
336 3722 495 3787 diiudicata,
525 3719 603 3772 enirm
641 3729 731 3787 artes,
749 3702 959 3790 queminlamia,
985 3709 1187 3787 quaelieentius

9 3850 10 3853 =
54 3818 92 3873 mi
106 3813 246 3870 reficiendi
260 3808 380 3867 carnin
401 3804 602 3862 amoenissimam
643 3826 717 3865 nunu
731 3803 842 3874 enuptio
860 3800 1046 3864 admittantur,
1055 3793 1189 3857 describit

53 3902 186 3974 quendem
204 3897 337 3968 regionem
363 3895 516 3949 rusticatum
541 3890 602 3944 iret.
644 3892 791 3954 adulterim
816 3887 946 3957 denique,
970 3890 1001 3938 ιιι
1017 3901 1075 3938 cum
1087 3879 1187 3952 pudere

53 3992 192 4059 -roogo,
200 3991 228 4039 et
241 3981 352 4055 proinde
369 4000 400 4035 eo
414 3977 561 4035 molestiora
574 3982 603 4029 et
643 3976 806 4047 intelligant,
824 3979 947 4044 quantum
965 3987 983 4024 a
993 3971 1116 4025 maiorum
1128 3982 1188 4019 suo-

54 4074 155 4129 maiore
171 4087 229 4123 cunr
241 4069 329 4125 taedio
342 4067 523 4123 coniuncte.
506 4064 604 4116 -Ve-
643 4083 703 4132 rum
716 4065 805 4117 indole
818 4060 1000 4118 etvirtutibue
1013 4055 1189 4125 degenerare

53 4160 189 4228 effron.
176 4177 207 4212 ιιι
222 4173 321 4228 agros,
332 4154 360 4214 in
374 4149 603 4222 emporitanos,
645 4152 716 4216 rint,
738 4150 871 4213 breviter,
896 4146 987 4218 quales
1014 4142 1054 4195 illi
1081 4138 1136 4192 neti
1161 4140 1190 4195 tl

54 4265 104 4318 pro
126 4261 238 4326 quaque
253 4242 308 4298 alia
327 4240 474 4297 amoeniore
488 4235 604 4307 regione.
646 4234 751 4290 educati
784 4233 897 4300 luerim,
938 4230 1126 4285 commemoret.
1155 4252 1190 4262 -

55 4364 89 4374 -
114 4320 276 4388 Lacedoem.
304 4329 410 4383 lbrmt
431 4325 469 4380 ol.
481 4340 554 4395 supr
568 4321 604 4387 11,
639 4319 760 4397 Augusti
774 4318 905 4397 quidem
897 4334 925 4371 m
945 4320 1002 4370 toto
1015 4282 1192 4366 boccermiue
1291 4338 1295 4349 ‹

56 4424 83 4479 6
97 4423 131 4476 ll
146 4426 176 4473 et
189 4419 233 4473 tr.
585 4468 590 4475 ‚
644 4408 719 4475 nulla
730 4407 803 4460 fecta
814 4410 856 4459 eet
868 4402 974 4466 mentio,
990 4399 1038 4454 sed
1048 4415 1106 4468 cum
1119 4394 1192 4469 illud,
