<?xml version="1.0" encoding="UTF-8"?>
<!DOCTYPE html PUBLIC "-//W3C//DTD XHTML 1.0 Transitional//EN"
    "http://www.w3.org/TR/xhtml1/DTD/xhtml1-transitional.dtd">
<html xmlns="http://www.w3.org/1999/xhtml" xml:lang="en" lang="en">
 <head>
  <title>
</title>
<meta http-equiv="Content-Type" content="text/html;charset=utf-8" />
  <meta name='ocr-system' content='tesseract 3.04.00' />
  <meta name='ocr-capabilities' content='ocr_page ocr_carea ocr_par ocr_line ocrx_word'/>
</head>
<body>
  <div class='ocr_page' id='page_1' title='image "./operaomnia00drgoog_0019.png"; bbox 0 0 2675 4884; ppageno 0'>
   <div class='ocr_carea' id='block_1_1' title="bbox 329 306 1181 407">
    <p class='ocr_par' dir='ltr' id='par_1_1' title="bbox 329 306 1181 407">
     <span class='ocr_line' id='line_1_1' title="bbox 329 306 1181 407; baseline 0.015 -33"><span class='ocrx_word' id='word_1_1' title='bbox 329 306 836 407; x_wconf 57' lang='lat' dir='ltr'>enarraren-</span> <span class='ocrx_word' id='word_1_2' title='bbox 1127 331 1181 389; x_wconf 82' lang='lat' dir='ltr'>:n</span> 
     </span>
    </p>
   </div>
   <div class='ocr_carea' id='block_1_2' title="bbox 48 483 1284 2384">
    <p class='ocr_par' dir='ltr' id='par_1_2' title="bbox 48 483 1284 2384">
     <span class='ocr_line' id='line_1_2' title="bbox 66 483 1181 587; baseline -0.001 -23"><span class='ocrx_word' id='word_1_3' title='bbox 66 493 75 508; x_wconf 72' lang='lat'><strong>⁴</strong></span> <span class='ocrx_word' id='word_1_4' title='bbox 109 488 225 564; x_wconf 66' lang='lat' dir='ltr'>nou</span> <span class='ocrx_word' id='word_1_5' title='bbox 254 483 492 587; x_wconf 65' lang='lat' dir='ltr'>&#39;inchoatam</span> <span class='ocrx_word' id='word_1_6' title='bbox 523 484 915 569; x_wconf 81' lang='lat' dir='ltr'>Mitsche&#39;rliohii</span> <span class='ocrx_word' id='word_1_7' title='bbox 942 484 1181 567; x_wconf 47' lang='lat' dir='ltr'>‘edri-em</span> 
     </span>
     <span class='ocr_line' id='line_1_3' title="bbox 48 606 1182 707; baseline 0.001 -20"><span class='ocrx_word' id='word_1_8' title='bbox 48 607 189 687; x_wconf 76' lang='lat' dir='ltr'>omnia</span> <span class='ocrx_word' id='word_1_9' title='bbox 199 607 356 689; x_wconf 80' lang='lat' dir='ltr'>Horatii</span> <span class='ocrx_word' id='word_1_10' title='bbox 373 608 548 705; x_wconf 67' lang='lat' dir='ltr'>carmina</span> <span class='ocrx_word' id='word_1_11' title='bbox 559 618 777 689; x_wconf 74' lang='lat' dir='ltr'>nuatum</span> <span class='ocrx_word' id='word_1_12' title='bbox 788 606 987 707; x_wconf 67' lang='lat' dir='ltr'>nulgavit</span> <span class='ocrx_word' id='word_1_13' title='bbox 994 607 1182 688; x_wconf 61' lang='lat' dir='ltr'>titrwe·</span> 
     </span>
     <span class='ocr_line' id='line_1_4' title="bbox 49 726 1181 828; baseline 0.002 -23"><span class='ocrx_word' id='word_1_14' title='bbox 49 726 245 814; x_wconf 68' lang='lat' dir='ltr'>uotiua</span> <span class='ocrx_word' id='word_1_15' title='bbox 296 730 583 813; x_wconf 75' lang='lat' dir='ltr'>tununnzen</span> <span class='ocrx_word' id='word_1_16' title='bbox 603 730 704 813; x_wconf 68' lang='lat' dir='ltr'>bose</span> <span class='ocrx_word' id='word_1_17' title='bbox 722 728 852 809; x_wconf 82' lang='lat' dir='ltr'>editio</span> <span class='ocrx_word' id='word_1_18' title='bbox 876 727 1098 828; x_wconf 74' lang='lat' dir='ltr'>lodicibus,</span> <span class='ocrx_word' id='word_1_19' title='bbox 1137 729 1181 825; x_wconf 87' lang='lat' dir='ltr'>in</span> 
     </span>
     <span class='ocr_line' id='line_1_5' title="bbox 50 847 1284 956; baseline -0.006 0"><span class='ocrx_word' id='word_1_20' title='bbox 50 849 198 956; x_wconf 58' lang='lat' dir='ltr'>‘istm</span> <span class='ocrx_word' id='word_1_21' title='bbox 217 854 284 927; x_wconf 60' lang='lat' dir='ltr'><em>m</em></span> <span class='ocrx_word' id='word_1_22' title='bbox 303 847 531 951; x_wconf 55' lang='lat' dir='ltr'>mma</span> <span class='ocrx_word' id='word_1_23' title='bbox 557 850 868 952; x_wconf 46' lang='lat' dir='ltr'>¹¹5⁷me</span> <span class='ocrx_word' id='word_1_24' title='bbox 890 849 1182 952; x_wconf 48' lang='lat' dir='ltr'>&amp;maphim</span> <span class='ocrx_word' id='word_1_25' title='bbox 1282 934 1284 949; x_wconf 90' lang='lat'>.</span> 
     </span>
     <span class='ocr_line' id='line_1_6' title="bbox 49 969 1206 1073; baseline -0.003 -22"><span class='ocrx_word' id='word_1_26' title='bbox 49 983 234 1051; x_wconf 68' lang='lat' dir='ltr'>aecum</span> <span class='ocrx_word' id='word_1_27' title='bbox 250 984 294 1055; x_wconf 82' lang='grc' dir='ltr'>ιι</span> <span class='ocrx_word' id='word_1_28' title='bbox 301 969 518 1070; x_wconf 63' lang='lat' dir='ltr'>augauno</span> <span class='ocrx_word' id='word_1_29' title='bbox 531 971 1095 1073; x_wconf 68' lang='lat' dir='ltr'>mmnnr‚.scopiostnimnt</span> <span class='ocrx_word' id='word_1_30' title='bbox 1108 969 1182 1047; x_wconf 75' lang='lat' dir='ltr'>sad</span> <span class='ocrx_word' id='word_1_31' title='bbox 1204 978 1206 987; x_wconf 58' lang='lat'><strong>¹</strong></span> 
     </span>
     <span class='ocr_line' id='line_1_7' title="bbox 49 1091 1183 1197; baseline 0.001 -29"><span class='ocrx_word' id='word_1_32' title='bbox 49 1093 163 1197; x_wconf 73' lang='lat' dir='ltr'>patiri</span> <span class='ocrx_word' id='word_1_33' title='bbox 176 1091 352 1173; x_wconf 79' lang='lat' dir='ltr'>lectores</span> <span class='ocrx_word' id='word_1_34' title='bbox 366 1093 588 1177; x_wconf 75' lang='lat' dir='ltr'>incorum·</span> <span class='ocrx_word' id='word_1_35' title='bbox 599 1092 780 1171; x_wconf 80' lang='lat' dir='ltr'>subsidio</span> <span class='ocrx_word' id='word_1_36' title='bbox 801 1094 1073 1196; x_wconf 51' lang='lat' dir='ltr'>acquirent,</span> <span class='ocrx_word' id='word_1_37' title='bbox 1087 1116 1183 1170; x_wconf 59' lang='lat' dir='ltr'>‘noo</span> 
     </span>
     <span class='ocr_line' id='line_1_8' title="bbox 50 1212 1183 1317; baseline 0.001 -27"><span class='ocrx_word' id='word_1_38' title='bbox 50 1228 129 1290; x_wconf 85' lang='lat' dir='ltr'>tam</span> <span class='ocrx_word' id='word_1_39' title='bbox 144 1238 197 1291; x_wconf 85' lang='lat' dir='ltr'>ex</span> <span class='ocrx_word' id='word_1_40' title='bbox 217 1214 393 1290; x_wconf 91' lang='lat' dir='ltr'>subiecta</span> <span class='ocrx_word' id='word_1_41' title='bbox 412 1212 800 1292; x_wconf 76' lang='lat' dir='ltr'>lectionisuarietate</span> <span class='ocrx_word' id='word_1_42' title='bbox 810 1222 984 1317; x_wconf 74' lang='lat' dir='ltr'>‚quarn</span> <span class='ocrx_word' id='word_1_43' title='bbox 998 1214 1183 1315; x_wconf 73' lang='lat' dir='ltr'>enpiaes</span> 
     </span>
     <span class='ocr_line' id='line_1_9' title="bbox 50 1333 1184 1438; baseline 0.001 -28"><span class='ocrx_word' id='word_1_44' title='bbox 50 1335 190 1438; x_wconf 84' lang='lat' dir='ltr'>positis</span> <span class='ocrx_word' id='word_1_45' title='bbox 213 1335 359 1436; x_wconf 88' lang='lat' dir='ltr'>cuique</span> <span class='ocrx_word' id='word_1_46' title='bbox 383 1335 548 1410; x_wconf 84' lang='lat' dir='ltr'><strong>carmini</strong></span> <span class='ocrx_word' id='word_1_47' title='bbox 570 1336 832 1434; x_wconf 71' lang='lat' dir='ltr'>argumentis,</span> <span class='ocrx_word' id='word_1_48' title='bbox 857 1333 1034 1411; x_wconf 91' lang='lat' dir='ltr'>multum</span> <span class='ocrx_word' id='word_1_49' title='bbox 1055 1333 1184 1438; x_wconf 89' lang='lat' dir='ltr'>profi-</span> 
     </span>
     <span class='ocr_line' id='line_1_10' title="bbox 53 1455 1185 1569; baseline 0 -38"><span class='ocrx_word' id='word_1_50' title='bbox 53 1459 164 1536; x_wconf 77' lang='lat' dir='ltr'>cient</span> <span class='ocrx_word' id='word_1_51' title='bbox 215 1459 263 1533; x_wconf 88' lang='lat' dir='ltr'>In</span> <span class='ocrx_word' id='word_1_52' title='bbox 276 1455 549 1569; x_wconf 72' lang='lat' dir='ltr'>probandis</span> <span class='ocrx_word' id='word_1_53' title='bbox 510 1481 619 1533; x_wconf 79' lang='lat' dir='ltr'>enim</span> <span class='ocrx_word' id='word_1_54' title='bbox 631 1457 698 1533; x_wconf 90' lang='lat' dir='ltr'>vel</span> <span class='ocrx_word' id='word_1_55' title='bbox 712 1456 1021 1559; x_wconf 84' lang='lat' dir='ltr'>improbandis</span> <span class='ocrx_word' id='word_1_56' title='bbox 1001 1456 1185 1533; x_wconf 80' lang='lat' dir='ltr'>lectioni-</span> 
     </span>
     <span class='ocr_line' id='line_1_11' title="bbox 51 1558 1185 1675; baseline 0 -22"><span class='ocrx_word' id='word_1_57' title='bbox 51 1576 122 1654; x_wconf 86' lang='lat' dir='ltr'>bus</span> <span class='ocrx_word' id='word_1_58' title='bbox 137 1576 427 1675; x_wconf 82' lang='lat' dir='ltr'>Wetzelius</span> <span class='ocrx_word' id='word_1_59' title='bbox 450 1574 501 1655; x_wconf 85' lang='lat' dir='ltr'>ad</span> <span class='ocrx_word' id='word_1_60' title='bbox 514 1558 619 1656; x_wconf 82' lang='lat' dir='ltr'>Iani</span> <span class='ocrx_word' id='word_1_61' title='bbox 642 1576 834 1655; x_wconf 87' lang='lat' dir='ltr'>iudicium</span> <span class='ocrx_word' id='word_1_62' title='bbox 852 1579 1185 1656; x_wconf 89' lang='lat' dir='ltr'>etauctoritatem</span> 
     </span>
     <span class='ocr_line' id='line_1_12' title="bbox 52 1694 1185 1801; baseline 0 -25"><span class='ocrx_word' id='word_1_63' title='bbox 52 1698 100 1776; x_wconf 82' lang='lat' dir='ltr'>ita</span> <span class='ocrx_word' id='word_1_64' title='bbox 112 1722 157 1774; x_wconf 93' lang='lat' dir='ltr'>se</span> <span class='ocrx_word' id='word_1_65' title='bbox 175 1699 462 1801; x_wconf 76' lang='lat' dir='ltr'>attemperavit,</span> <span class='ocrx_word' id='word_1_66' title='bbox 476 1709 522 1774; x_wconf 89' lang='lat' dir='ltr'>ut</span> <span class='ocrx_word' id='word_1_67' title='bbox 534 1694 640 1774; x_wconf 89' lang='lat' dir='ltr'>nihil</span> <span class='ocrx_word' id='word_1_68' title='bbox 648 1696 737 1776; x_wconf 82' lang='lat' dir='ltr'>sere</span> <span class='ocrx_word' id='word_1_69' title='bbox 752 1723 798 1776; x_wconf 83' lang='lat' dir='ltr'>ex</span> <span class='ocrx_word' id='word_1_70' title='bbox 811 1723 855 1776; x_wconf 90' lang='lat' dir='ltr'>se</span> <span class='ocrx_word' id='word_1_71' title='bbox 868 1697 956 1801; x_wconf 92' lang='lat' dir='ltr'>ipso</span> <span class='ocrx_word' id='word_1_72' title='bbox 970 1695 1185 1801; x_wconf 83' lang='lat' dir='ltr'>proferret,</span> 
     </span>
     <span class='ocr_line' id='line_1_13' title="bbox 54 1814 1185 1924; baseline -0.002 -28"><span class='ocrx_word' id='word_1_73' title='bbox 54 1832 91 1896; x_wconf 84' lang='lat' dir='ltr'>et</span> <span class='ocrx_word' id='word_1_74' title='bbox 103 1817 255 1895; x_wconf 87' lang='lat' dir='ltr'>ducem</span> <span class='ocrx_word' id='word_1_75' title='bbox 269 1844 389 1897; x_wconf 92' lang='lat' dir='ltr'>suum</span> <span class='ocrx_word' id='word_1_76' title='bbox 404 1833 523 1924; x_wconf 87' lang='lat' dir='ltr'>atque</span> <span class='ocrx_word' id='word_1_77' title='bbox 536 1814 771 1918; x_wconf 84' lang='lat' dir='ltr'>magistrum</span> <span class='ocrx_word' id='word_1_78' title='bbox 785 1819 827 1896; x_wconf 90' lang='lat' dir='ltr'>in</span> <span class='ocrx_word' id='word_1_79' title='bbox 850 1820 1075 1898; x_wconf 89' lang='lat' dir='ltr'>deridendo</span> <span class='ocrx_word' id='word_1_80' title='bbox 1096 1833 1185 1895; x_wconf 86' lang='lat' dir='ltr'>tan·</span> 
     </span>
     <span class='ocr_line' id='line_1_14' title="bbox 53 1941 1185 2044; baseline -0.001 -26"><span class='ocrx_word' id='word_1_81' title='bbox 53 1953 135 2018; x_wconf 87' lang='lat' dir='ltr'>tum</span> <span class='ocrx_word' id='word_1_82' title='bbox 153 1953 197 2018; x_wconf 87' lang='lat' dir='ltr'>et</span> <span class='ocrx_word' id='word_1_83' title='bbox 211 1942 456 2044; x_wconf 88' lang='lat' dir='ltr'>petulantius</span> <span class='ocrx_word' id='word_1_84' title='bbox 478 1942 686 2018; x_wconf 87' lang='lat' dir='ltr'>tractando</span> <span class='ocrx_word' id='word_1_85' title='bbox 703 1946 850 2040; x_wconf 88' lang='lat' dir='ltr'>Magno</span> <span class='ocrx_word' id='word_1_86' title='bbox 863 1941 1095 2018; x_wconf 89' lang='lat' dir='ltr'>Bentleio</span> <span class='ocrx_word' id='word_1_87' title='bbox 1117 1964 1185 2017; x_wconf 88' lang='lat' dir='ltr'>su·</span> 
     </span>
     <span class='ocr_line' id='line_1_15' title="bbox 55 2056 1186 2165; baseline -0.004 -26"><span class='ocrx_word' id='word_1_88' title='bbox 55 2073 219 2165; x_wconf 89' lang='lat' dir='ltr'>peraret.</span> <span class='ocrx_word' id='word_1_89' title='bbox 278 2056 363 2141; x_wconf 85' lang='lat' dir='ltr'>Nec</span> <span class='ocrx_word' id='word_1_90' title='bbox 389 2065 635 2160; x_wconf 78' lang='lat' dir='ltr'>Argumenta</span> <span class='ocrx_word' id='word_1_91' title='bbox 662 2062 715 2139; x_wconf 88' lang='lat' dir='ltr'>ita</span> <span class='ocrx_word' id='word_1_92' title='bbox 741 2074 969 2163; x_wconf 84' lang='lat' dir='ltr'>comparata</span> <span class='ocrx_word' id='word_1_93' title='bbox 996 2073 1106 2155; x_wconf 84' lang='lat' dir='ltr'>sunt,</span> <span class='ocrx_word' id='word_1_94' title='bbox 1137 2071 1186 2136; x_wconf 89' lang='lat' dir='ltr'>ut</span> 
     </span>
     <span class='ocr_line' id='line_1_16' title="bbox 57 2179 1185 2285; baseline -0.001 -26"><span class='ocrx_word' id='word_1_95' title='bbox 57 2183 223 2261; x_wconf 87' lang='lat' dir='ltr'>lectores</span> <span class='ocrx_word' id='word_1_96' title='bbox 237 2182 335 2259; x_wconf 91' lang='lat' dir='ltr'>inde</span> <span class='ocrx_word' id='word_1_97' title='bbox 352 2180 404 2259; x_wconf 94' lang='lat' dir='ltr'>de</span> <span class='ocrx_word' id='word_1_98' title='bbox 420 2180 613 2285; x_wconf 84' lang='lat' dir='ltr'>cuiusque</span> <span class='ocrx_word' id='word_1_99' title='bbox 627 2182 811 2260; x_wconf 84' lang='lat' dir='ltr'>carminis</span> <span class='ocrx_word' id='word_1_100' title='bbox 823 2181 954 2285; x_wconf 88' lang='lat' dir='ltr'>pretio</span> <span class='ocrx_word' id='word_1_101' title='bbox 974 2194 1016 2259; x_wconf 90' lang='lat' dir='ltr'>et</span> <span class='ocrx_word' id='word_1_102' title='bbox 1029 2179 1185 2259; x_wconf 84' lang='lat' dir='ltr'>virtuti-</span> 
     </span>
     <span class='ocr_line' id='line_1_17' title="bbox 57 2300 614 2384; baseline 0.005 -3"><span class='ocrx_word' id='word_1_103' title='bbox 57 2302 122 2382; x_wconf 85' lang='lat' dir='ltr'>bus</span> <span class='ocrx_word' id='word_1_104' title='bbox 135 2316 250 2383; x_wconf 86' lang='lat' dir='ltr'>recte</span> <span class='ocrx_word' id='word_1_105' title='bbox 263 2301 441 2382; x_wconf 90' lang='lat' dir='ltr'>iudicare</span> <span class='ocrx_word' id='word_1_106' title='bbox 455 2300 614 2384; x_wconf 87' lang='lat' dir='ltr'>discant</span> 
     </span>
    </p>
   </div>
   <div class='ocr_carea' id='block_1_3' title="bbox 4 2470 1211 3669">
    <p class='ocr_par' dir='ltr' id='par_1_3' title="bbox 4 2470 1211 3669">
     <span class='ocr_line' id='line_1_18' title="bbox 125 2470 1185 2581; baseline -0.005 -28"><span class='ocrx_word' id='word_1_107' title='bbox 125 2481 243 2574; x_wconf 86' lang='lat' dir='ltr'>Quae</span> <span class='ocrx_word' id='word_1_108' title='bbox 257 2473 310 2551; x_wconf 91' lang='lat' dir='ltr'>de</span> <span class='ocrx_word' id='word_1_109' title='bbox 324 2474 476 2553; x_wconf 90' lang='lat' dir='ltr'>Horatii</span> <span class='ocrx_word' id='word_1_110' title='bbox 489 2476 602 2554; x_wconf 87' lang='lat' dir='ltr'><strong>MSS.</strong></span> <span class='ocrx_word' id='word_1_111' title='bbox 620 2486 661 2551; x_wconf 92' lang='lat' dir='ltr'>et</span> <span class='ocrx_word' id='word_1_112' title='bbox 672 2473 791 2555; x_wconf 85' lang='lat' dir='ltr'>Editt</span> <span class='ocrx_word' id='word_1_113' title='bbox 814 2486 903 2555; x_wconf 89' lang='lat' dir='ltr'>cett.</span> <span class='ocrx_word' id='word_1_114' title='bbox 928 2498 976 2553; x_wconf 85' lang='lat' dir='ltr'>ex</span> <span class='ocrx_word' id='word_1_115' title='bbox 997 2471 1082 2550; x_wconf 89' lang='lat' dir='ltr'>aliis</span> <span class='ocrx_word' id='word_1_116' title='bbox 1098 2470 1185 2581; x_wconf 92' lang='lat' dir='ltr'>edi·</span> 
     </span>
     <span class='ocr_line' id='line_1_19' title="bbox 56 2592 1185 2698; baseline -0.005 -23"><span class='ocrx_word' id='word_1_117' title='bbox 56 2598 227 2689; x_wconf 85' lang='lat' dir='ltr'>tionibus</span> <span class='ocrx_word' id='word_1_118' title='bbox 253 2595 440 2696; x_wconf 84' lang='lat' dir='ltr'>cognosci</span> <span class='ocrx_word' id='word_1_119' title='bbox 465 2608 652 2698; x_wconf 87' lang='lat' dir='ltr'>possunt,</span> <span class='ocrx_word' id='word_1_120' title='bbox 685 2608 727 2672; x_wconf 89' lang='lat' dir='ltr'>et</span> <span class='ocrx_word' id='word_1_121' title='bbox 747 2592 838 2672; x_wconf 88' lang='lat' dir='ltr'>raro</span> <span class='ocrx_word' id='word_1_122' title='bbox 860 2594 939 2696; x_wconf 84' lang='lat' dir='ltr'>legi</span> <span class='ocrx_word' id='word_1_123' title='bbox 961 2594 1112 2692; x_wconf 89' lang='lat' dir='ltr'>soient,</span> <span class='ocrx_word' id='word_1_124' title='bbox 1138 2593 1185 2669; x_wconf 89' lang='lat' dir='ltr'>iis</span> 
     </span>
     <span class='ocr_line' id='line_1_20' title="bbox 57 2702 1186 2819; baseline -0.005 -24"><span class='ocrx_word' id='word_1_125' title='bbox 57 2718 153 2798; x_wconf 87' lang='lat' dir='ltr'>hanc</span> <span class='ocrx_word' id='word_1_126' title='bbox 167 2702 394 2798; x_wconf 87' lang='lat' dir='ltr'>editionem</span> <span class='ocrx_word' id='word_1_127' title='bbox 408 2737 553 2814; x_wconf 88' lang='lat' dir='ltr'>augere</span> <span class='ocrx_word' id='word_1_128' title='bbox 569 2726 610 2792; x_wconf 93' lang='lat' dir='ltr'>et</span> <span class='ocrx_word' id='word_1_129' title='bbox 624 2740 793 2793; x_wconf 90' lang='lat' dir='ltr'>onerare</span> <span class='ocrx_word' id='word_1_130' title='bbox 807 2715 929 2798; x_wconf 91' lang='lat' dir='ltr'>nolui.</span> <span class='ocrx_word' id='word_1_131' title='bbox 971 2719 1111 2819; x_wconf 85' lang='lat' dir='ltr'>Itaque</span> <span class='ocrx_word' id='word_1_132' title='bbox 1125 2713 1186 2790; x_wconf 91' lang='lat' dir='ltr'>nil</span> 
     </span>
     <span class='ocr_line' id='line_1_21' title="bbox 57 2827 1186 2920; baseline -0.008 -2"><span class='ocrx_word' id='word_1_133' title='bbox 57 2842 124 2919; x_wconf 90' lang='lat' dir='ltr'>nisi</span> <span class='ocrx_word' id='word_1_134' title='bbox 145 2827 312 2920; x_wconf 84' lang='lat' dir='ltr'>Vitarn</span> <span class='ocrx_word' id='word_1_135' title='bbox 332 2836 526 2915; x_wconf 86' lang='lat' dir='ltr'>Horatii</span> <span class='ocrx_word' id='word_1_136' title='bbox 551 2848 592 2912; x_wconf 90' lang='lat' dir='ltr'>et</span> <span class='ocrx_word' id='word_1_137' title='bbox 609 2837 897 2915; x_wconf 89' lang='lat' dir='ltr'>Doctrinam</span> <span class='ocrx_word' id='word_1_138' title='bbox 927 2835 987 2916; x_wconf 90' lang='lat' dir='ltr'>de</span> <span class='ocrx_word' id='word_1_139' title='bbox 1010 2835 1186 2912; x_wconf 90' lang='lat' dir='ltr'>metris</span> 
     </span>
     <span class='ocr_line' id='line_1_22' title="bbox 57 2955 1204 3059; baseline -0.002 -18"><span class='ocrx_word' id='word_1_140' title='bbox 57 2960 337 3041; x_wconf 86' lang='lat' dir='ltr'>Horatianis</span> <span class='ocrx_word' id='word_1_141' title='bbox 360 2955 696 3059; x_wconf 85' lang='lat' dir='ltr'>praemittendam</span> <span class='ocrx_word' id='word_1_142' title='bbox 725 2960 864 3043; x_wconf 87' lang='lat' dir='ltr'>curavi.</span> <span class='ocrx_word' id='word_1_143' title='bbox 904 2963 1010 3040; x_wconf 87' lang='lat' dir='ltr'>Rem</span> <span class='ocrx_word' id='word_1_144' title='bbox 1038 2956 1204 3039; x_wconf 87' lang='lat' dir='ltr'>scilicet.</span> 
     </span>
     <span class='ocr_line' id='line_1_23' title="bbox 4 3075 1211 3181; baseline -0.007 -22"><span class='ocrx_word' id='word_1_145' title='bbox 4 3092 5 3095; x_wconf 75' lang='grc'>’</span> <span class='ocrx_word' id='word_1_146' title='bbox 59 3080 104 3159; x_wconf 89' lang='lat' dir='ltr'>de</span> <span class='ocrx_word' id='word_1_147' title='bbox 122 3078 594 3158; x_wconf 86' lang='lat' dir='ltr'>metrisHoratianis</span> <span class='ocrx_word' id='word_1_148' title='bbox 620 3102 728 3155; x_wconf 89' lang='lat' dir='ltr'>novo</span> <span class='ocrx_word' id='word_1_149' title='bbox 751 3079 884 3157; x_wconf 90' lang='lat' dir='ltr'>studio</span> <span class='ocrx_word' id='word_1_150' title='bbox 908 3092 1098 3181; x_wconf 86' lang='lat' dir='ltr'>tantaque</span> <span class='ocrx_word' id='word_1_151' title='bbox 1123 3075 1211 3173; x_wconf 18' lang='lat' dir='ltr'>di·-</span> 
     </span>
     <span class='ocr_line' id='line_1_24' title="bbox 57 3197 1187 3302; baseline -0.005 -23"><span class='ocrx_word' id='word_1_152' title='bbox 57 3200 231 3302; x_wconf 84' lang='lat' dir='ltr'>ligentia,</span> <span class='ocrx_word' id='word_1_153' title='bbox 257 3199 430 3278; x_wconf 88' lang='lat' dir='ltr'>sollertia</span> <span class='ocrx_word' id='word_1_154' title='bbox 446 3211 487 3276; x_wconf 91' lang='lat' dir='ltr'>et</span> <span class='ocrx_word' id='word_1_155' title='bbox 505 3197 646 3300; x_wconf 89' lang='lat' dir='ltr'>peritia</span> <span class='ocrx_word' id='word_1_156' title='bbox 666 3201 832 3278; x_wconf 82' lang='lat' dir='ltr'>excussit</span> <span class='ocrx_word' id='word_1_157' title='bbox 854 3213 895 3277; x_wconf 91' lang='lat' dir='ltr'>et</span> <span class='ocrx_word' id='word_1_158' title='bbox 915 3199 965 3279; x_wconf 93' lang='lat' dir='ltr'>ad</span> <span class='ocrx_word' id='word_1_159' title='bbox 987 3197 1187 3277; x_wconf 89' lang='lat' dir='ltr'>eiusmodi</span> 
     </span>
     <span class='ocr_line' id='line_1_25' title="bbox 58 3318 1187 3431; baseline -0.004 -33"><span class='ocrx_word' id='word_1_160' title='bbox 58 3320 230 3402; x_wconf 84' lang='lat' dir='ltr'>sormam</span> <span class='ocrx_word' id='word_1_161' title='bbox 244 3319 401 3421; x_wconf 84' lang='lat' dir='ltr'>redegit</span> <span class='ocrx_word' id='word_1_162' title='bbox 420 3319 492 3398; x_wconf 88' lang='lat' dir='ltr'>Vir</span> <span class='ocrx_word' id='word_1_163' title='bbox 510 3320 770 3398; x_wconf 86' lang='lat' dir='ltr'>Doctissimns</span> <span class='ocrx_word' id='word_1_164' title='bbox 793 3335 833 3398; x_wconf 90' lang='lat' dir='ltr'>et</span> <span class='ocrx_word' id='word_1_165' title='bbox 852 3320 989 3431; x_wconf 87' lang='lat' dir='ltr'>multis</span> <span class='ocrx_word' id='word_1_166' title='bbox 1009 3318 1187 3398; x_wconf 87' lang='lat' dir='ltr'>nomini·</span> 
     </span>
     <span class='ocr_line' id='line_1_26' title="bbox 4 3438 1187 3553; baseline -0.007 -31"><span class='ocrx_word' id='word_1_167' title='bbox 4 3478 6 3553; x_wconf 37' lang='grc' dir='ltr'><strong>ᾗ</strong></span> <span class='ocrx_word' id='word_1_168' title='bbox 57 3438 128 3522; x_wconf 88' lang='lat' dir='ltr'>bus</span> <span class='ocrx_word' id='word_1_169' title='bbox 144 3440 248 3520; x_wconf 88' lang='lat' dir='ltr'>mihi</span> <span class='ocrx_word' id='word_1_170' title='bbox 266 3439 498 3519; x_wconf 84' lang='lat' dir='ltr'>carissimus</span> <span class='ocrx_word' id='word_1_171' title='bbox 520 3442 769 3544; x_wconf 83' lang='lat' dir='ltr'>Sparrius,</span> <span class='ocrx_word' id='word_1_172' title='bbox 801 3453 848 3519; x_wconf 90' lang='lat' dir='ltr'>ut</span> <span class='ocrx_word' id='word_1_173' title='bbox 872 3440 1187 3539; x_wconf 87' lang='lat' dir='ltr'>communicatis,</span> 
     </span>
     <span class='ocr_line' id='line_1_27' title="bbox 59 3559 1187 3669; baseline -0.005 -26"><span class='ocrx_word' id='word_1_174' title='bbox 59 3588 159 3669; x_wconf 78' lang='lat' dir='ltr'>quae</span> <span class='ocrx_word' id='word_1_175' title='bbox 186 3562 475 3654; x_wconf 85' lang='lat' dir='ltr'>humanissime</span> <span class='ocrx_word' id='word_1_176' title='bbox 500 3559 566 3638; x_wconf 90' lang='lat' dir='ltr'>ille</span> <span class='ocrx_word' id='word_1_177' title='bbox 585 3585 749 3639; x_wconf 89' lang='lat' dir='ltr'>mecum</span> <span class='ocrx_word' id='word_1_178' title='bbox 771 3561 824 3638; x_wconf 86' lang='lat' dir='ltr'>de</span> <span class='ocrx_word' id='word_1_179' title='bbox 843 3563 1018 3640; x_wconf 89' lang='lat' dir='ltr'>metris</span> <span class='ocrx_word' id='word_1_180' title='bbox 1036 3565 1187 3639; x_wconf 91' lang='lat' dir='ltr'>Hora·</span> 
     </span>
    </p>
   </div>
   <div class='ocr_carea' id='block_1_4' title="bbox 59 3680 1311 3782">
    <p class='ocr_par' dir='ltr' id='par_1_4' title="bbox 59 3680 1311 3782">
     <span class='ocr_line' id='line_1_28' title="bbox 59 3680 1311 3782; baseline -0.003 -22"><span class='ocrx_word' id='word_1_181' title='bbox 59 3684 202 3762; x_wconf 89' lang='lat' dir='ltr'>tianis</span> <span class='ocrx_word' id='word_1_182' title='bbox 218 3680 536 3779; x_wconf 86' lang='lat' dir='ltr'>communicavit,</span> <span class='ocrx_word' id='word_1_183' title='bbox 552 3704 646 3760; x_wconf 88' lang='lat' dir='ltr'>cum</span> <span class='ocrx_word' id='word_1_184' title='bbox 659 3684 811 3762; x_wconf 89' lang='lat' dir='ltr'>Horatn</span> <span class='ocrx_word' id='word_1_185' title='bbox 823 3681 1050 3782; x_wconf 79' lang='lat' dir='ltr'>lectoribus</span> <span class='ocrx_word' id='word_1_186' title='bbox 1076 3680 1188 3759; x_wconf 92' lang='lat' dir='ltr'>haud</span> <span class='ocrx_word' id='word_1_187' title='bbox 1293 3752 1311 3775; x_wconf 19' lang='grc'>,-</span> 
     </span>
    </p>
   </div>
   <div class='ocr_carea' id='block_1_5' title="bbox 60 3801 1188 4028">
    <p class='ocr_par' dir='ltr' id='par_1_5' title="bbox 60 3801 1188 4028">
     <span class='ocr_line' id='line_1_29' title="bbox 60 3801 1188 3907; baseline -0.004 -24"><span class='ocrx_word' id='word_1_188' title='bbox 60 3806 238 3906; x_wconf 84' lang='lat' dir='ltr'>exiguam</span> <span class='ocrx_word' id='word_1_189' title='bbox 259 3802 368 3907; x_wconf 89' lang='lat' dir='ltr'>apud</span> <span class='ocrx_word' id='word_1_190' title='bbox 388 3801 583 3905; x_wconf 90' lang='lat' dir='ltr'>plurimos</span> <span class='ocrx_word' id='word_1_191' title='bbox 608 3829 677 3883; x_wconf 89' lang='lat' dir='ltr'>me</span> <span class='ocrx_word' id='word_1_192' title='bbox 696 3805 861 3904; x_wconf 89' lang='lat' dir='ltr'>gratiam</span> <span class='ocrx_word' id='word_1_193' title='bbox 886 3805 1079 3883; x_wconf 90' lang='lat' dir='ltr'>initurum</span> <span class='ocrx_word' id='word_1_194' title='bbox 1099 3827 1188 3881; x_wconf 89' lang='lat' dir='ltr'>esse</span> 
     </span>
     <span class='ocr_line' id='line_1_30' title="bbox 60 3922 861 4028; baseline 0 -23"><span class='ocrx_word' id='word_1_195' title='bbox 60 3950 151 4005; x_wconf 88' lang='lat' dir='ltr'>cum</span> <span class='ocrx_word' id='word_1_196' title='bbox 164 3925 313 4007; x_wconf 84' lang='lat' dir='ltr'>fiducia</span> <span class='ocrx_word' id='word_1_197' title='bbox 325 3922 500 4028; x_wconf 87' lang='lat' dir='ltr'>quadam</span> <span class='ocrx_word' id='word_1_198' title='bbox 514 3949 674 4026; x_wconf 80' lang='lat' dir='ltr'>sperare</span> <span class='ocrx_word' id='word_1_199' title='bbox 687 3934 861 4028; x_wconf 83' lang='lat' dir='ltr'>possem.</span> 
     </span>
    </p>
   </div>
   <div class='ocr_carea' id='block_1_6' title="bbox 59 4106 1227 4475">
    <p class='ocr_par' dir='ltr' id='par_1_6' title="bbox 59 4106 1227 4475">
     <span class='ocr_line' id='line_1_31' title="bbox 132 4106 1190 4217; baseline -0.009 -20"><span class='ocrx_word' id='word_1_200' title='bbox 132 4118 270 4197; x_wconf 83' lang='lat' dir='ltr'>Restat</span> <span class='ocrx_word' id='word_1_201' title='bbox 281 4114 576 4193; x_wconf 84' lang='lat' dir='ltr'>ntDoctissimo</span> <span class='ocrx_word' id='word_1_202' title='bbox 590 4112 899 4217; x_wconf 81' lang='lat' dir='ltr'>clarissimoque</span> <span class='ocrx_word' id='word_1_203' title='bbox 906 4106 1190 4216; x_wconf 87' lang='lat' dir='ltr'>Philosophiae</span> 
     </span>
     <span class='ocr_line' id='line_1_32' title="bbox 59 4232 1227 4333; baseline -0.009 -17"><span class='ocrx_word' id='word_1_204' title='bbox 59 4234 419 4319; x_wconf 81' lang='lat' dir='ltr'>DoctoriGarolo</span> <span class='ocrx_word' id='word_1_205' title='bbox 438 4232 725 4315; x_wconf 82' lang='lat' dir='ltr'>Christiano</span> <span class='ocrx_word' id='word_1_206' title='bbox 748 4232 1047 4333; x_wconf 89' lang='lat' dir='ltr'>Wendlero‚</span> <span class='ocrx_word' id='word_1_207' title='bbox 1079 4232 1190 4329; x_wconf 87' lang='lat' dir='ltr'>cuius</span> <span class='ocrx_word' id='word_1_208' title='bbox 1222 4302 1227 4321; x_wconf 72' lang='grc'>,</span> 
     </span>
     <span class='ocr_line' id='line_1_33' title="bbox 62 4354 1191 4475; baseline -0.006 -40"><span class='ocrx_word' id='word_1_209' title='bbox 62 4356 349 4441; x_wconf 80' lang='lat' dir='ltr'>acnnatissima</span> <span class='ocrx_word' id='word_1_210' title='bbox 362 4365 545 4434; x_wconf 79' lang='lat' dir='ltr'>veterum</span> <span class='ocrx_word' id='word_1_211' title='bbox 566 4354 792 4457; x_wconf 88' lang='lat' dir='ltr'>linguarum</span> <span class='ocrx_word' id='word_1_212' title='bbox 813 4354 1041 4457; x_wconf 85' lang='lat' dir='ltr'>cognitione</span> <span class='ocrx_word' id='word_1_213' title='bbox 1062 4377 1191 4475; x_wconf 79' lang='lat' dir='ltr'>aeque</span> 
     </span>
    </p>
   </div>
   <div class='ocr_carea' id='block_1_7' title="bbox 0 0 1357 4884">
    <p class='ocr_par' dir='ltr' id='par_1_7' title="bbox 0 0 1357 4884">
     <span class='ocr_line' id='line_1_34' title="bbox 0 0 1357 4884; baseline 0 0"><span class='ocrx_word' id='word_1_214' title='bbox 0 0 1357 4884; x_wconf 95' lang='lat' dir='ltr'> </span> 
     </span>
    </p>
   </div>
  </div>
 </body>
</html>
