2675 4884
229 238 232 247 ’
290 221 293 289 ³
387 273 904 367 nsnnmvuurnnnn
1035 363 1037 367 ,
1097 258 1217 359 ''ns

186 447 319 520 Merses
344 449 539 544 profundo,
562 434 743 545 pulchrior
769 457 894 529 evenit:
1089 548 1096 565 ι
1147 402 1214 533 ³65
1271 554 1275 571 ‚

141 594 145 605 »
186 554 353 639 Luctere,
381 555 490 625 multa
513 566 655 648 proruet
678 561 850 652 imsgrsm

249 656 338 727 Cum
354 656 467 729 laude
492 659 674 748 rictorem,
700 673 867 755 geretque
964 741 967 749 ,

300 760 436 830 Proelia
462 762 665 856 coniugibus
691 767 873 856 loquenda.

182 860 385 957 Carthagini
409 866 478 937 issu
502 889 572 937 nou
597 891 667 963 ego
692 871 826 943 nuutios
892 915 896 938 .

181 966 321 1039 Mittam
346 970 529 1061 superbose
554 973 702 1062 oooidis,
726 973 854 1045 oooidit

240 1070 333 1163 spes
360 1073 469 1145 omnis
495 1083 531 1144 et
554 1075 824 1147 fortuaa'nostri

295 1175 467 1263 Nominis,
490 1177 710 1267 Hasdrubale
732 1182 921 1269 interemto.

179 1275 239 1344 Nil
264 1275 435 1350 Claudiae
454 1302 523 1349 uon
548 1282 727 1374 perficient
750 1306 885 1353 manus:

74 1406 77 1417 ·
115 1386 121 1397 ¹
179 1377 275 1465 Quos
300 1390 335 1451 et
359 1383 509 1476 benignu
533 1387 671 1456 nurnine
695 1389 824 1480 Iupiter

241 1472 426 1571 ostensu,
451 1498 488 1556 e
512 1510 614 1559 cuns
640 1510 787 1584 sagaces.
999 1574 1007 1581 „
1151 1476 1202 1553 ⁷⁵

290 1589 488 1682 Expediunt
511 1612 577 1684 per
590 1604 702 1664 acuta
727 1590 819 1665 belli.
952 1600 954 1604 ’
1233 1594 1235 1603 ’

58 1794 119 1847 lius
142 1796 196 1851 fois
221 1800 337 1869 Echion,
364 1802 448 1874 (uude
474 1807 617 1864 Echioniae
658 1818 702 1867 ter
710 1802 1202 1882 ismpaeuerietusulterumismpueue

62 1880 206 1952 mar)
224 1887 335 1956 Periisse
348 1890 493 1947 traduntur.
534 1896 618 1949 simi-
658 1891 795 1950 victorem'
809 1905 837 1951 et
857 1895 969 1964 integris
988 1891 1074 1946 adhuc
1093 1890 1202 1956 viribus,

59 1967 102 2020 lia
117 1980 234 2025 monstra
248 1980 320 2028 terre
332 1976 457 2032 Colchica
473 1983 617 2037 submisisse
657 2000 821 2052 magnacum
835 1978 1201 2050 laudeprosteruit-proe·

58 2055 163 2121 fertur,
180 2065 209 2112 et
219 2060 322 2129 quidem
335 2081 385 2134 per
397 2056 523 2132 Ia'ionem,
539 2086 615 2139 quem
657 2072 697 2124 iia
718 2071 870 2140 coniugibus
887 2067 1034 2137 loquenda,
1056 2064 1084 2116 lr.
1102 2081 1127 2117 e.
1139 2079 1199 2115 eae-

55 2141 285 2201 ·douetamsibie
308 2149 544 2208 Minervaslteram
559 2172 617 2209 ser·
656 2172 743 2208 eorum
757 2155 903 2210 maritorum
915 2150 1068 2223 coniugibus
1087 2166 1145 2202 eum
1157 2148 1199 2201 lu·
1269 2230 1272 2239 k

57 2229 155 2298 peusis
167 2230 237 2285 illius
254 2251 271 2286 a
289 2230 387 2289 Cadmo
402 2234 481 2291 occisi
501 2238 616 2295 dentium
656 2249 701 2295 ctu
717 2241 897 2303 memoranda3
913 2234 996 2291 minus
1009 2237 1076 2289 bene
1090 2233 1198 2288 huead-

55 2322 168 2386 'partem
189 2336 278 2372 serere
294 2321 411 2375 iusserat
432 2323 540 2393 Aeetes3
558 2324 614 2382 rid.
654 2334 751 2380 vocant
770 2327 850 2381 Ovid.
872 2320 1015 2380 Heroidl.
1029 2323 1073 2378 29.
1089 2327 1118 2375 et
1134 2339 1197 2374 eon·

56 2402 190 2473 Apollon.
209 2404 295 2461 Rhod.
318 2402 465 2463 tlt-nte.
483 2418 510 2463 et
531 2413 613 2468 Orid.
653 2399 760 2482 iogihns
793 2413 825 2465 de
850 2408 974 2464 uxoribus
993 2426 1081 2462 eurum
1098 2406 1196 2477 accipi*

55 2489 132 2545 Met.
153 2491 214 2548 Vll.
233 2494 292 2547 122.
315 2509 391 2563 seqq.
406 2506 442 2533 -’-
457 2496 560 2551 mhrnis.
577 2529 611 2541 -
646 2480 714 2564 -irnt,
740 2497 805 2568 qui,
830 2514 887 2552 cum
907 2494 1022 2550 victores
1038 2494 1134 2548 ebello
1148 2494 1196 2546 do-

48 2579 233 2644 'memnon
252 2577 322 2649 quod
335 2578 469 2648 eleganter
480 2584 551 2654 apud
558 2585 612 2640 Lu·
650 2600 719 2638 muru
736 2583 880 2648 redierint,
895 2581 995 2654 proelia
1011 2596 1059 2635 sua
1072 2581 1106 2633 iis
1119 2595 1196 2633 euar-

55 2672 132 2719 uret.
146 2664 167 2717 l.
184 2668 210 2721 8.
220 2672 251 2718 'et
262 2663 345 2730 slibl,
367 2665 421 2734 (uti
435 2668 505 2736 apud
523 2671 610 2724 Gras—
652 2678 762 2725 ront-
778 2673 907 2739 superbos,
924 2687 980 2723 eum
992 2666 1125 2737 superbia,
1141 2665 1195 2718 Ro-

57 2767 110 2803 eos
123 2746 313 2821 ois‘ane'pneso)
337 2750 371 2804 de
383 2750 490 2806 floribus
503 2756 610 2823 dicitur,
652 2770 742 2809 manos
753 2757 836 2809 victos
850 2775 925 2823 esse,
946 2757 1106 2816 referentem
1124 2750 1196 2803 eius·

56 2853 133 2906 quos
148 2847 221 2892 terra
235 2838 330 2892 sensim
350 2838 495 2909 sensimque
508 2854 609 2896 sursum
651 2841 721 2894 modi
740 2835 854 2915 nuntius
867 2850 929 2912 post
952 2841 1050 2894 cladem
1074 2836 1194 2891 Cannen-

55 2920 161 2987 mittit,
180 2924 301 2993 apposite
314 2923 348 2978 ad
366 2924 425 2979 illos
441 2926 609 2982 virosurma·
650 2942 705 2980 sem
725 2926 778 2979 fuit
797 2922 895 2995 Mago,
925 2923 1081 2980 Hamilcaris
1108 2920 1194 2986 filius3

55 3014 121 3073 tos,
141 3008 249 3077 quinon
267 3010 353 3064 subito
368 3029 384 3065 e
399 3015 609 3083 terraprosilue-
650 3012 776 3067 ridLir.
792 3010 891 3066 xxlu.
907 3004 949 3068 ll.
962 3040 997 3051 -
1014 3011 1099 3063 nosni
1110 3010 1193 3061 noni—
1237 3026 1240 3031 ·

56 3091 133 3158 rint,
157 3094 220 3160 sed,
245 3103 274 3149 ut
295 3092 408 3152 Ovidius
425 3097 445 3151 l.
465 3115 489 3152 e.
509 3098 608 3166 umrat',
649 3101 712 3165 nis„
732 3096 819 3166 gentis
836 3105 950 3154 nostrae.
976 3124 1009 3139 -
1035 3095 1082 3149 Nil
1097 3093 1192 3147 Claud

56 3180 161 3232 saleim
182 3182 328 3254 sensimque
348 3201 364 3237 e
386 3188 458 3237 terre
469 3201 606 3239 succreve-
648 3177 1097 3253 nonperf.mon.h.e.aC.Clsudii
1105 3179 1193 3232 Nero-

55 3266 135 3331 rint,
148 3269 290 3323 traustilit.
307 3294 342 3311 ·-
355 3266 453 3323 hierem
463 3273 606 3339 profundo,
648 3271 689 3326 uis
704 3278 783 3342 geute
801 3286 910 3342 sperare
931 3270 1014 3323 Rome
1032 3271 1120 3337 potest
1138 3281 1193 3318 om-
1280 3330 1284 3340 x

53 3352 196 3422 pulchrior
217 3358 320 3422 evenit,
349 3361 412 3409 nota
432 3354 532 3424 imago,
554 3370 606 3426 qua
647 3361 708 3425 nia3
733 3375 781 3429 per
799 3374 892 3412 monos
916 3357 1043 3412 Claudius
1068 3350 1193 3421 intelligit

56 3436 138 3510 (1⁰5¹,
156 3441 244 3506 malit,
261 3440 355 3512 qulbus
373 3436 525 3507 laborabat,
544 3441 606 3494 leli-
648 3446 723 3500 timul
742 3446 775 3499 Cu
800 3444 904 3497 Claudii
927 3441 1042 3497 Neronis
1062 3448 1191 3510 posteros.
1271 3450 1274 3455 ’

57 3524 131 3578 uites
144 3527 290 3597 superatis,
308 3533 472 3597 eomparatur
493 3540 550 3579 euru
563 3545 605 3592 eo,
647 3530 741 3601 itaque
756 3532 807 3584 ian
818 3529 966 3595 Hannibal,
989 3529 1109 3582 Nerones
1124 3523 1191 3577 tales

56 3613 106 3682 qul
127 3629 143 3664 o
163 3612 390 3682 profundorum,
416 3613 450 3666 ad
468 3613 537 3683 quod
558 3613 606 3667 de-
646 3616 722 3680 fore,
739 3616 841 3686 qusleru
861 3616 962 3670 Drusus
973 3616 1002 3670 ia
1016 3612 1083 3666 bello
1101 3616 1193 3665 contre

57 3712 163 3753 mersus
175 3701 271 3773 meret,
278 3702 347 3754 boue
360 3697 466 3753 fortuna
479 3698 606 3769 emergitt
647 3700 765 3758 Rhoetus
784 3716 813 3758 se
839 3703 1012 3774 praebuerat,
1034 3696 1192 3752 vaticinatus

54 3788 211 3856 pulchrior,
235 3786 341 3840 rimatis
360 3785 457 3838 honore
471 3784 607 3855 insignior.
647 3809 707 3844 esse
719 3790 838 3860 fingitur,
855 3806 907 3860 quo
920 3787 983 3841 nihil
994 3803 1057 3839 seue
1070 3784 1097 3836 in
1110 3776 1191 3835 Drusi

56 3872 201 3926 Horatium
212 3872 329 3925 imitatus
339 3874 380 3925 est
392 3870 506 3924 Rutilius
515 3872 606 3926 itiner.
648 3876 750 3930 laudem
770 3876 835 3947 fingi
854 3893 870 3929 a
884 3883 962 3945 poeta
974 3871 1058 3943 potuit
1074 3868 1190 3941 splendi-

56 3959 78 4013 l.
99 3960 406 4014 nemausensem
419 3958 554 4013 Hannibal
565 3961 606 4029 ip-
648 3962 708 4015 dius
731 3968 810 4033 atque
829 3959 1043 4032 magnificentius.
1059 3986 1095 3999 -
1113 3973 1190 4009 essroe

55 4058 165 4099 uanos.
203 4029 278 4114 Quae
295 4047 381 4118 morgi
397 4053 542 4119 nequeunt,
563 4048 606 4099 ni-
646 4065 775 4120 sngnees,
791 4048 891 4118 ingenii
905 4047 932 4100 in
951 4042 1084 4115 capiendis
1105 4041 1190 4109 corni·

55 4151 87 4186 su
106 4135 210 4186 maiore
232 4141 390 4205 resurgunt,
425 4133 605 4201 Exsiliumque
646 4134 843 4204 flhsagucitaa
857 4162 892 4173 -
906 4149 956 4202 per
968 4130 1129 4194 noutnhelli,
1142 4132 1189 4197 pir

55 4221 117 4274 imis
140 4221 224 4275 ultius
240 4219 295 4272 istu
314 4218 400 4272 uadis.
428 4245 458 4258 ·-
484 4218 605 4282 meere,
630 4236 699 4284 ea,
721 4238 788 4290 quae
809 4219 837 4273 iu
862 4220 930 4274 bello
950 4215 1090 4292 pd'ioulum
1103 4215 1188 4267 inten-

32 4309 131 4375 ,nole
148 4316 223 4374 pror.
248 4306 347 4376 integr.
369 4306 427 4360 vohs
446 4303 519 4359 luth
540 4304 604 4359 otot.
646 4306 728 4370 dunt3
744 4300 825 4360 uentu
839 4306 891 4361 iam
904 4305 1002 4371 omnia,
1026 4319 1093 4374 quse
1114 4301 1189 4353 nobis

54 4388 555 4464 ungeuoipergndtrtorunsqroruu
567 4390 603 4445 al·
646 4392 795 4465 perniciosa
815 4392 875 4449 fleri
895 4398 1020 4465 possunt,
1049 4388 1188 4459 designare
